1978 3644
210 277 268 377 48
327 298 399 355 oa
416 249 549 358 Irura.
570 273 719 357 cnm
733 299 808 356 rr.
838 288 841 291 ’

207 424 279 494 tiis,
303 421 506 505 dignitatibus,
527 420 712 496 honoribus,
733 421 883 493 amicis,
909 423 945 486 ὅ(

211 531 339 611 cognatis
362 527 566 588 renunciabant
586 549 593 589 ε
613 528 653 587 nil
671 527 707 587 de
726 527 855 588 mundo
882 527 942 587 ha-

210 633 279 693 bere
298 633 470 715 cupiebant,
490 635 541 693 vix
560 630 712 695 necessaria
733 633 811 694 vitae
834 631 941 693 sume-

210 740 281 799 bant
302 759 311 812 ;
332 739 448 819 corpori
467 720 581 798 servire
593 739 681 799 etiam
700 739 730 800 iu
750 735 937 802 neceffirate

211 842 356 906 dolebant
378 841 520 924 Pauperes
541 842 625 924 igitur
647 859 728 901 erant
751 841 849 904 rebus
872 857 936 901 ter-

211 951 310 1023 renis,
325 946 374 1009 sed
394 947 496 1008 divites
512 946 599 1009 valde
617 948 646 1006 in
664 949 754 1029 gratid
772 951 811 1009 &
832 950 934 1008 virtu-
959 972 962 975 ·

211 1055 313 1114 tibus:
335 1052 405 1112 foris
429 1051 578 1132 egebant,
599 1049 646 1109 sed
669 1053 743 1110 inrbs
766 1052 871 1133 gratiai
896 1054 931 1116 &

211 1155 406 1220 consolatione
427 1152 527 1214 divina
544 1134 749 1214 reficiebantur.

252 1283 280 1337 4.
301 1259 414 1321 Mundo
435 1259 515 1337 erant
533 1253 639 1332 alieni,
656 1257 705 1318 sed
724 1258 796 1328 Deo
816 1263 928 1343 proxi-

211 1370 253 1429 mi
270 1387 302 1425 ac
325 1364 476 1424 familiares
495 1364 605 1424 amici:
622 1361 673 1425 srbi
689 1361 757 1444 ipsas
773 1345 926 1427 videban-

209 1486 255 1531 tur
272 1486 419 1551 tamquam
437 1468 517 1535 nihili
535 1470 568 1537 δι
582 1468 650 1534 huic
666 1469 775 1535 mamdo
794 1469 922 1552 despec-

211 1576 253 1648 ti,
271 1573 319 1637 sed
338 1590 419 1635 erant
439 1575 471 1633 in
491 1573 581 1633 oculis
598 1572 661 1633 'Dei
684 1573 800 1654 pretiosa
820 1577 856 1637 &
874 1575 922 1635 di·
978 1638 979 1659 ἶ

209 1679 284 1745 ledi.
305 1680 339 1744 In
359 1658 429 1744 veti
451 1678 609 1738 humilitate
636 1675 768 1753 stabant,
786 1681 819 1741 in
843 1678 918 1740 fitn-

209 1785 279 1865 plici
302 1782 464 1842 obedientia
489 1782 652 1856 vivebant,
677 1785 708 1842 in
730 1786 854 1847 vcaritate
883 1786 918 1846 &
978 1854 979 1891 1

210 1886 347 1972 patientia
364 1883 549 1948 ambulabant
564 1907 575 1961 ;
593 1888 626 1951 ὃ(
645 1887 712 1949 ideo
732 1889 865 1970 quotidie
884 1889 914 1951 iu
978 1900 979 1933 ³

209 1992 306 2076 spiritu
317 1988 520 2073 proficiebant,
530 1993 563 2053 ὃ(
574 2011 710 2075 magnam
721 1994 804 2075 apud.
810 1995 914 2060 Deum
978 2036 979 2057 r

209 2098 330 2182 gratiam
347 2094 522 2155 obtinebant.
536 2094 607 2159 Dati
622 2095 684 2162 sunt
698 2099 727 2156 in
743 2099 912 2180 exemplum
978 2080 979 2089 ἵ

209 2200 343 2266 omnihus
362 2197 533 2282 Religiosra;
551 2202 583 2263 &
599 2202 662 2283 plus
676 2220 839 2284 prouocare
856 2222 910 2263 nos

209 2307 314 2368 debent
333 2305 370 2366 ad
390 2304 469 2365 bene·
480 2303 712 2386 proficiendum,
730 2329 818 2390 quam
835 2309 909 2393 repi-⁴

209 2413 313 2480 dorum
335 2432 467 2473 numerus
485 2410 523 2473 ad
543 2412 736 2476 relaxandum.

253 2536 280 2600 5.
297 2515 329 2577 O
347 2518 354 2576 !
372 2533 493 2596 quantus
513 2515 611 2576 fervor
628 2521 759 2578 omnium
779 2520 906 2604 Religio-

208 2622 303 2687 sorum
323 2622 353 2679 in
370 2621 512 2702 principio
534 2618 589 2681 suae
610 2618 709 2719 landae
723 2623 903 2688 'institutionis
978 2626 979 2719 l

193 2729 260 2790 ‚fuit
278 2727 285 2787 Ξ
305 2724 336 2788 0
350 2726 357 2786 !
371 2742 475 2807 quanta
493 2725 611 2788 devotio
628 2730 765 2789 orationis
778 2730 786 2797 1
801 2747 903 2812 quanta
978 2724 979 2761 ³

205 2832 352 2916 amalario
370 2831 479 2893 virtutis
499 2831 507 2891 Ξ
527 2851 614 2915 quam
635 2853 740 2918 magna
759 2833 901 2916 disciplina
978 2816 979 2843 i

797 2936 899 3026 viguit!
978 3024 979 3043 Χ
