<?xml version="1.0" encoding="UTF-8"?>
<!DOCTYPE html PUBLIC "-//W3C//DTD XHTML 1.0 Transitional//EN"
    "http://www.w3.org/TR/xhtml1/DTD/xhtml1-transitional.dtd">
<html xmlns="http://www.w3.org/1999/xhtml" xml:lang="en" lang="en">
 <head>
  <title>
</title>
<meta http-equiv="Content-Type" content="text/html;charset=utf-8" />
  <meta name='ocr-system' content='tesseract 3.04.00' />
  <meta name='ocr-capabilities' content='ocr_page ocr_carea ocr_par ocr_line ocrx_word'/>
</head>
<body>
  <div class='ocr_page' id='page_1' title='image "./deimitationechr00beaugoog_0058.png"; bbox 0 0 1978 3644; ppageno 0'>
   <div class='ocr_carea' id='block_1_1' title="bbox 59 290 774 1897">
    <p class='ocr_par' dir='ltr' id='par_1_1' title="bbox 59 290 774 1897">
     <span class='ocr_line' id='line_1_1' title="bbox 159 290 758 412; baseline -0.002 -31"><span class='ocrx_word' id='word_1_1' title='bbox 159 290 392 382; x_wconf 64' lang='lat' dir='ltr'><strong>Lanarel.</strong></span> <span class='ocrx_word' id='word_1_2' title='bbox 426 296 550 383; x_wconf 76' lang='lat' dir='ltr'><strong>Cra.-</strong></span> <span class='ocrx_word' id='word_1_3' title='bbox 567 298 648 382; x_wconf 84' lang='lat' dir='ltr'><strong>xix.</strong></span> <span class='ocrx_word' id='word_1_4' title='bbox 712 327 758 412; x_wconf 83' lang='lat'><strong>53</strong></span> 
     </span>
     <span class='ocr_line' id='line_1_2' title="bbox 64 443 769 528; baseline 0.003 -24"><span class='ocrx_word' id='word_1_5' title='bbox 64 446 224 526; x_wconf 81' lang='lat' dir='ltr'><strong>perventuri</strong></span> <span class='ocrx_word' id='word_1_6' title='bbox 247 466 257 505; x_wconf 75' lang='lat' dir='ltr'><strong>a</strong></span> <span class='ocrx_word' id='word_1_7' title='bbox 277 445 403 528; x_wconf 83' lang='lat' dir='ltr'><strong>ideoque</strong></span> <span class='ocrx_word' id='word_1_8' title='bbox 424 443 531 507; x_wconf 68' lang='lat' dir='ltr'><strong>solicite</strong></span> <span class='ocrx_word' id='word_1_9' title='bbox 550 467 604 507; x_wconf 86' lang='lat' dir='ltr'><strong>nos</strong></span> <span class='ocrx_word' id='word_1_10' title='bbox 623 467 769 528; x_wconf 82' lang='lat' dir='ltr'><strong>praepara-</strong></span> 
     </span>
     <span class='ocr_line' id='line_1_3' title="bbox 63 549 771 632; baseline 0.006 -24"><span class='ocrx_word' id='word_1_11' title='bbox 63 569 87 608; x_wconf 92' lang='lat' dir='ltr'><strong>re</strong></span> <span class='ocrx_word' id='word_1_12' title='bbox 102 549 249 610; x_wconf 88' lang='lat' dir='ltr'><strong>debemus</strong></span> <span class='ocrx_word' id='word_1_13' title='bbox 269 552 303 611; x_wconf 86' lang='lat' dir='ltr'><strong>in</strong></span> <span class='ocrx_word' id='word_1_14' title='bbox 323 552 436 614; x_wconf 71' lang='lat' dir='ltr'><strong>devotis</strong></span> <span class='ocrx_word' id='word_1_15' title='bbox 452 551 650 632; x_wconf 83' lang='lat' dir='ltr'>temporibus,</span> <span class='ocrx_word' id='word_1_16' title='bbox 667 555 700 614; x_wconf 67' lang='grc' dir='ltr'><strong>ὃ(</strong></span> <span class='ocrx_word' id='word_1_17' title='bbox 716 551 771 612; x_wconf 81' lang='lat' dir='ltr'><strong>de·</strong></span> 
     </span>
     <span class='ocr_line' id='line_1_4' title="bbox 60 654 771 740; baseline 0.004 -27"><span class='ocrx_word' id='word_1_18' title='bbox 60 656 146 715; x_wconf 77' lang='lat' dir='ltr'><strong>votiirs</strong></span> <span class='ocrx_word' id='word_1_19' title='bbox 164 655 365 731; x_wconf 83' lang='lat' dir='ltr'><strong>conversari,</strong></span> <span class='ocrx_word' id='word_1_20' title='bbox 380 673 464 740; x_wconf 79' lang='lat' dir='ltr'><strong>arque</strong></span> <span class='ocrx_word' id='word_1_21' title='bbox 480 677 599 719; x_wconf 86' lang='lat' dir='ltr'><strong>omnem</strong></span> <span class='ocrx_word' id='word_1_22' title='bbox 616 654 771 718; x_wconf 77' lang='lat' dir='ltr'><strong>observan-</strong></span> 
     </span>
     <span class='ocr_line' id='line_1_5' title="bbox 60 759 769 845; baseline 0.006 -26"><span class='ocrx_word' id='word_1_23' title='bbox 60 760 120 819; x_wconf 84' lang='lat' dir='ltr'><strong>tiam</strong></span> <span class='ocrx_word' id='word_1_24' title='bbox 139 759 276 824; x_wconf 74' lang='lat' dir='ltr'><strong>striffihs</strong></span> <span class='ocrx_word' id='word_1_25' title='bbox 298 760 435 823; x_wconf 82' lang='lat' dir='ltr'><strong>custodire</strong></span> <span class='ocrx_word' id='word_1_26' title='bbox 448 774 463 838; x_wconf 88' lang='lat'><strong>,&#39;</strong></span> <span class='ocrx_word' id='word_1_27' title='bbox 476 783 613 845; x_wconf 83' lang='lat' dir='ltr'><strong>tanquam</strong></span> <span class='ocrx_word' id='word_1_28' title='bbox 634 764 665 822; x_wconf 85' lang='lat' dir='ltr'><strong>in</strong></span> <span class='ocrx_word' id='word_1_29' title='bbox 686 762 769 823; x_wconf 79' lang='lat' dir='ltr'><strong>brevi</strong></span> 
     </span>
     <span class='ocr_line' id='line_1_6' title="bbox 61 865 770 947; baseline 0 -21"><span class='ocrx_word' id='word_1_30' title='bbox 61 868 213 946; x_wconf 84' lang='lat' dir='ltr'><strong>praemium</strong></span> <span class='ocrx_word' id='word_1_31' title='bbox 235 867 349 943; x_wconf 82' lang='lat' dir='ltr'><strong>laboris</strong></span> <span class='ocrx_word' id='word_1_32' title='bbox 366 865 454 929; x_wconf 81' lang='lat' dir='ltr'><strong>nostri</strong></span> <span class='ocrx_word' id='word_1_33' title='bbox 473 867 490 927; x_wconf 66' lang='lat' dir='ltr'><strong>*a</strong></span> <span class='ocrx_word' id='word_1_34' title='bbox 509 867 580 928; x_wconf 86' lang='lat' dir='ltr'><strong>Deo</strong></span> <span class='ocrx_word' id='word_1_35' title='bbox 601 868 770 947; x_wconf 72' lang='lat' dir='ltr'>percepturi.</span> 
     </span>
     <span class='ocr_line' id='line_1_7' title="bbox 59 968 772 1048; baseline -0.001 -17"><span class='ocrx_word' id='word_1_36' title='bbox 59 1016 63 1023; x_wconf 87' lang='lat'>.</span> <span class='ocrx_word' id='word_1_37' title='bbox 90 990 119 1048; x_wconf 88' lang='lat'><strong>7.</strong></span> <span class='ocrx_word' id='word_1_38' title='bbox 143 970 192 1031; x_wconf 83' lang='lat' dir='ltr'><strong>Et</strong></span> <span class='ocrx_word' id='word_1_39' title='bbox 220 969 249 1029; x_wconf 86' lang='lat' dir='ltr'><strong>fi</strong></span> <span class='ocrx_word' id='word_1_40' title='bbox 272 969 392 1030; x_wconf 81' lang='lat' dir='ltr'><strong>dilatum</strong></span> <span class='ocrx_word' id='word_1_41' title='bbox 414 968 523 1042; x_wconf 84' lang='lat' dir='ltr'><strong>fuerit,</strong></span> <span class='ocrx_word' id='word_1_42' title='bbox 547 970 695 1030; x_wconf 81' lang='lat' dir='ltr'>credamus</span> <span class='ocrx_word' id='word_1_43' title='bbox 718 989 772 1030; x_wconf 82' lang='lat' dir='ltr'><strong>nos</strong></span> 
     </span>
     <span class='ocr_line' id='line_1_8' title="bbox 62 1073 773 1158; baseline 0 -24"><span class='ocrx_word' id='word_1_44' title='bbox 62 1077 149 1136; x_wconf 76' lang='lat' dir='ltr'><strong>minirs</strong></span> <span class='ocrx_word' id='word_1_45' title='bbox 168 1075 257 1136; x_wconf 88' lang='lat' dir='ltr'><strong>bene</strong></span> <span class='ocrx_word' id='word_1_46' title='bbox 269 1092 444 1158; x_wconf 85' lang='lat' dir='ltr'><strong>praeparatos</strong></span> <span class='ocrx_word' id='word_1_47' title='bbox 462 1092 546 1156; x_wconf 88' lang='lat' dir='ltr'><strong>atque</strong></span> <span class='ocrx_word' id='word_1_48' title='bbox 561 1073 695 1157; x_wconf 83' lang='lat' dir='ltr'><strong>indignos</strong></span> <span class='ocrx_word' id='word_1_49' title='bbox 707 1090 773 1135; x_wconf 84' lang='lat' dir='ltr'><strong>tan·</strong></span> 
     </span>
     <span class='ocr_line' id='line_1_9' title="bbox 62 1179 772 1264; baseline 0.003 -26"><span class='ocrx_word' id='word_1_50' title='bbox 62 1195 93 1238; x_wconf 76' lang='lat' dir='ltr'><strong>aa</strong></span> <span class='ocrx_word' id='word_1_51' title='bbox 112 1180 215 1241; x_wconf 86' lang='lat' dir='ltr'><strong>adhuc</strong></span> <span class='ocrx_word' id='word_1_52' title='bbox 242 1179 344 1264; x_wconf 80' lang='lat' dir='ltr'><strong>gloriae</strong></span> <span class='ocrx_word' id='word_1_53' title='bbox 360 1225 371 1254; x_wconf 89' lang='lat'>‚</span> <span class='ocrx_word' id='word_1_54' title='bbox 389 1202 445 1262; x_wconf 81' lang='lat' dir='ltr'><strong>qua</strong></span> <span class='ocrx_word' id='word_1_55' title='bbox 465 1180 626 1243; x_wconf 73' lang='lat' dir='ltr'><em>revelabitur</em></span> <span class='ocrx_word' id='word_1_56' title='bbox 644 1181 674 1239; x_wconf 80' lang='lat' dir='ltr'><strong>in</strong></span> <span class='ocrx_word' id='word_1_57' title='bbox 694 1181 772 1240; x_wconf 83' lang='lat' dir='ltr'><em>nobis</em></span> 
     </span>
     <span class='ocr_line' id='line_1_10' title="bbox 66 1282 770 1369; baseline 0.001 -24"><span class='ocrx_word' id='word_1_58' title='bbox 66 1284 169 1364; x_wconf 81' lang='lat' dir='ltr'><strong>(Rom.</strong></span> <span class='ocrx_word' id='word_1_59' title='bbox 181 1282 242 1367; x_wconf 76' lang='lat' dir='ltr'><em>viij</em></span> <span class='ocrx_word' id='word_1_60' title='bbox 254 1329 265 1359; x_wconf 91' lang='lat'>‚</span> <span class='ocrx_word' id='word_1_61' title='bbox 282 1289 314 1347; x_wconf 79' lang='grc' dir='ltr'><strong>ι8</strong></span> <span class='ocrx_word' id='word_1_62' title='bbox 324 1284 338 1367; x_wconf 92' lang='grc'>)</span> <span class='ocrx_word' id='word_1_63' title='bbox 349 1301 479 1366; x_wconf 86' lang='lat' dir='ltr'><strong>ternpore</strong></span> <span class='ocrx_word' id='word_1_64' title='bbox 490 1284 633 1369; x_wconf 80' lang='lat' dir='ltr'><strong>praefinito</strong></span> <span class='ocrx_word' id='word_1_65' title='bbox 644 1306 654 1359; x_wconf 82' lang='lat'>3</span> <span class='ocrx_word' id='word_1_66' title='bbox 666 1286 700 1348; x_wconf 87' lang='lat'>&amp;</span> <span class='ocrx_word' id='word_1_67' title='bbox 713 1283 770 1346; x_wconf 83' lang='lat' dir='ltr'><strong>stu-</strong></span> 
     </span>
     <span class='ocr_line' id='line_1_11' title="bbox 68 1387 771 1473; baseline 0.009 -26"><span class='ocrx_word' id='word_1_68' title='bbox 68 1387 178 1452; x_wconf 83' lang='lat' dir='ltr'><strong>deamus</strong></span> <span class='ocrx_word' id='word_1_69' title='bbox 205 1411 267 1452; x_wconf 88' lang='lat' dir='ltr'><strong>nos</strong></span> <span class='ocrx_word' id='word_1_70' title='bbox 288 1390 389 1453; x_wconf 69' lang='lat' dir='ltr'><strong>melias</strong></span> <span class='ocrx_word' id='word_1_71' title='bbox 411 1390 448 1452; x_wconf 89' lang='lat' dir='ltr'><strong>ad</strong></span> <span class='ocrx_word' id='word_1_72' title='bbox 474 1393 580 1452; x_wconf 82' lang='lat' dir='ltr'><strong>exitum</strong></span> <span class='ocrx_word' id='word_1_73' title='bbox 600 1409 771 1473; x_wconf 81' lang='lat' dir='ltr'><strong>praeparare.</strong></span> 
     </span>
     <span class='ocr_line' id='line_1_12' title="bbox 69 1493 772 1580; baseline -0.001 -23"><span class='ocrx_word' id='word_1_74' title='bbox 69 1494 166 1557; x_wconf 79' lang='lat' dir='ltr'><em>Beatus</em></span> <span class='ocrx_word' id='word_1_75' title='bbox 178 1497 301 1579; x_wconf 77' lang='lat' dir='ltr'><strong>servus,</strong></span> <span class='ocrx_word' id='word_1_76' title='bbox 314 1498 355 1557; x_wconf 85' lang='lat' dir='ltr'><strong>ait</strong></span> <span class='ocrx_word' id='word_1_77' title='bbox 365 1493 537 1580; x_wconf 71' lang='lat' dir='ltr'><strong>evangeliste</strong></span> <span class='ocrx_word' id='word_1_78' title='bbox 552 1495 666 1570; x_wconf 80' lang='lat' dir='ltr'><strong>Lucas,</strong></span> <span class='ocrx_word' id='word_1_79' title='bbox 678 1518 772 1577; x_wconf 78' lang='lat' dir='ltr'><strong>quem,</strong></span> 
     </span>
     <span class='ocr_line' id='line_1_13' title="bbox 69 1600 774 1682; baseline -0.006 -18"><span class='ocrx_word' id='word_1_80' title='bbox 69 1620 145 1680; x_wconf 68' lang='lat' dir='ltr'><strong>qum</strong></span> <span class='ocrx_word' id='word_1_81' title='bbox 163 1605 273 1664; x_wconf 70' lang='lat' dir='ltr'><strong>venerit</strong></span> <span class='ocrx_word' id='word_1_82' title='bbox 289 1603 424 1664; x_wconf 75' lang='lat' dir='ltr'><em>Dominus</em></span> <span class='ocrx_word' id='word_1_83' title='bbox 446 1600 530 1680; x_wconf 72' lang='lat' dir='ltr'><strong>ejus,</strong></span> <span class='ocrx_word' id='word_1_84' title='bbox 552 1603 681 1663; x_wconf 77' lang='lat' dir='ltr'><strong>invenerit</strong></span> <span class='ocrx_word' id='word_1_85' title='bbox 702 1602 774 1682; x_wconf 80' lang='lat' dir='ltr'><em>vigi·</em></span> 
     </span>
     <span class='ocr_line' id='line_1_14' title="bbox 74 1703 774 1787; baseline 0 -22"><span class='ocrx_word' id='word_1_86' title='bbox 74 1703 190 1770; x_wconf 73' lang='lat' dir='ltr'><strong>lauaem:</strong></span> <span class='ocrx_word' id='word_1_87' title='bbox 206 1704 284 1769; x_wconf 72' lang='lat' dir='ltr'><strong>amen</strong></span> <span class='ocrx_word' id='word_1_88' title='bbox 304 1709 365 1768; x_wconf 78' lang='lat' dir='ltr'><em>dico</em></span> <span class='ocrx_word' id='word_1_89' title='bbox 382 1705 478 1781; x_wconf 74' lang='lat' dir='ltr'><em>vobis,</em></span> <span class='ocrx_word' id='word_1_90' title='bbox 491 1705 574 1787; x_wconf 75' lang='lat' dir='ltr'><strong>fhper</strong></span> <span class='ocrx_word' id='word_1_91' title='bbox 595 1704 686 1764; x_wconf 83' lang='lat' dir='ltr'><em>omnia</em></span> <span class='ocrx_word' id='word_1_92' title='bbox 705 1704 774 1765; x_wconf 80' lang='lat' dir='ltr'><strong>bona</strong></span> 
     </span>
     <span class='ocr_line' id='line_1_15' title="bbox 75 1806 722 1897; baseline 0 -27"><span class='ocrx_word' id='word_1_93' title='bbox 75 1807 123 1888; x_wconf 73' lang='lat' dir='ltr'><strong>sua</strong></span> <span class='ocrx_word' id='word_1_94' title='bbox 142 1816 280 1897; x_wconf 71' lang='lat' dir='ltr'><strong>constituet</strong></span> <span class='ocrx_word' id='word_1_95' title='bbox 299 1833 366 1875; x_wconf 83' lang='lat' dir='ltr'><strong>eum.</strong></span> <span class='ocrx_word' id='word_1_96' title='bbox 384 1810 476 1895; x_wconf 81' lang='lat' dir='ltr'><strong>(Luc.</strong></span> <span class='ocrx_word' id='word_1_97' title='bbox 495 1807 559 1891; x_wconf 85' lang='lat' dir='ltr'><em>xij,</em></span> <span class='ocrx_word' id='word_1_98' title='bbox 575 1827 635 1888; x_wconf 79' lang='lat'><strong>43,</strong></span> <span class='ocrx_word' id='word_1_99' title='bbox 649 1806 722 1891; x_wconf 78' lang='lat'><strong>44)</strong></span> 
     </span>
    </p>
   </div>
   <div class='ocr_carea' id='block_1_2' title="bbox 136 2235 719 2338">
    <p class='ocr_par' dir='ltr' id='par_1_2' title="bbox 136 2235 719 2338">
     <span class='ocr_line' id='line_1_16' title="bbox 136 2235 719 2338; baseline -0.014 -19"><span class='ocrx_word' id='word_1_100' title='bbox 136 2244 188 2319; x_wconf 85' lang='lat' dir='ltr'><strong>De</strong></span> <span class='ocrx_word' id='word_1_101' title='bbox 207 2269 311 2317; x_wconf 80' lang='lat' dir='ltr'><strong>amore</strong></span> <span class='ocrx_word' id='word_1_102' title='bbox 323 2235 569 2338; x_wconf 68' lang='lat' dir='ltr'><em>solitudinis&amp;</em></span> <span class='ocrx_word' id='word_1_103' title='bbox 581 2236 719 2338; x_wconf 77' lang='lat' dir='ltr'><strong>stlenrii.</strong></span> 
     </span>
    </p>
   </div>
   <div class='ocr_carea' id='block_1_3' title="bbox 86 2376 779 2833">
    <p class='ocr_par' dir='ltr' id='par_1_3' title="bbox 86 2376 779 2833">
     <span class='ocr_line' id='line_1_17' title="bbox 88 2376 776 2529; baseline -0.01 -38"><span class='ocrx_word' id='word_1_104' title='bbox 88 2376 304 2529; x_wconf 70' lang='lat' dir='ltr'><strong>rQrmrrr</strong></span> <span class='ocrx_word' id='word_1_105' title='bbox 318 2443 419 2513; x_wconf 77' lang='lat' dir='ltr'><strong>aptum</strong></span> <span class='ocrx_word' id='word_1_106' title='bbox 433 2442 547 2508; x_wconf 81' lang='lat' dir='ltr'><strong>ternpus</strong></span> <span class='ocrx_word' id='word_1_107' title='bbox 563 2421 687 2487; x_wconf 80' lang='lat' dir='ltr'><strong>vacandi</strong></span> <span class='ocrx_word' id='word_1_108' title='bbox 706 2422 776 2499; x_wconf 85' lang='lat' dir='ltr'><em>tibi,</em></span> 
     </span>
     <span class='ocr_line' id='line_1_18' title="bbox 88 2529 776 2616; baseline -0.01 -17"><span class='ocrx_word' id='word_1_109' title='bbox 88 2536 115 2599; x_wconf 84' lang='lat'>&amp;</span> <span class='ocrx_word' id='word_1_110' title='bbox 130 2540 163 2600; x_wconf 90' lang='lat' dir='ltr'><strong>de</strong></span> <span class='ocrx_word' id='word_1_111' title='bbox 180 2535 330 2600; x_wconf 82' lang='lat' dir='ltr'><strong>beneficiis</strong></span> <span class='ocrx_word' id='word_1_112' title='bbox 347 2535 407 2597; x_wconf 86' lang='lat' dir='ltr'><strong>Dei</strong></span> <span class='ocrx_word' id='word_1_113' title='bbox 422 2533 583 2615; x_wconf 83' lang='lat' dir='ltr'><strong>frequenter</strong></span> <span class='ocrx_word' id='word_1_114' title='bbox 598 2532 701 2616; x_wconf 80' lang='lat' dir='ltr'><strong>cogita.</strong></span> <span class='ocrx_word' id='word_1_115' title='bbox 713 2529 776 2592; x_wconf 86' lang='lat' dir='ltr'><strong>Re-</strong></span> 
     </span>
     <span class='ocr_line' id='line_1_19' title="bbox 86 2639 777 2724; baseline -0.009 -23"><span class='ocrx_word' id='word_1_116' title='bbox 86 2639 170 2724; x_wconf 84' lang='lat' dir='ltr'><strong>linque</strong></span> <span class='ocrx_word' id='word_1_117' title='bbox 187 2640 321 2714; x_wconf 83' lang='lat' dir='ltr'><strong>curiosa3</strong></span> <span class='ocrx_word' id='word_1_118' title='bbox 336 2641 405 2701; x_wconf 87' lang='lat' dir='ltr'><strong>tales</strong></span> <span class='ocrx_word' id='word_1_119' title='bbox 417 2639 532 2724; x_wconf 82' lang='lat' dir='ltr'><strong>perlege</strong></span> <span class='ocrx_word' id='word_1_120' title='bbox 546 2639 696 2710; x_wconf 86' lang='lat' dir='ltr'><strong>materias,</strong></span> <span class='ocrx_word' id='word_1_121' title='bbox 714 2656 777 2716; x_wconf 88' lang='lat' dir='ltr'><strong>quae</strong></span> 
     </span>
     <span class='ocr_line' id='line_1_20' title="bbox 87 2741 779 2833; baseline -0.016 -27"><span class='ocrx_word' id='word_1_122' title='bbox 87 2748 333 2833; x_wconf 73' lang='lat' dir='ltr'><strong>compunfflonem</strong></span> <span class='ocrx_word' id='word_1_123' title='bbox 353 2747 443 2828; x_wconf 82' lang='lat' dir='ltr'><strong>magis</strong></span> <span class='ocrx_word' id='word_1_124' title='bbox 462 2741 593 2826; x_wconf 78' lang='lat' dir='ltr'><strong>praestant</strong></span> <span class='ocrx_word' id='word_1_125' title='bbox 612 2762 700 2825; x_wconf 86' lang='lat' dir='ltr'><strong>quam</strong></span> <span class='ocrx_word' id='word_1_126' title='bbox 723 2756 779 2797; x_wconf 86' lang='lat' dir='ltr'><strong>oc-</strong></span> 
     </span>
    </p>
   </div>
   <div class='ocr_carea' id='block_1_4' title="bbox 89 2842 779 3029">
    <p class='ocr_par' dir='ltr' id='par_1_4' title="bbox 89 2842 779 3029">
     <span class='ocr_line' id='line_1_21' title="bbox 89 2842 779 2937; baseline -0.016 -24"><span class='ocrx_word' id='word_1_127' title='bbox 89 2856 276 2937; x_wconf 84' lang='lat' dir='ltr'><strong>cupationem.</strong></span> <span class='ocrx_word' id='word_1_128' title='bbox 300 2849 331 2911; x_wconf 87' lang='lat' dir='ltr'><strong>Si</strong></span> <span class='ocrx_word' id='word_1_129' title='bbox 355 2867 383 2912; x_wconf 84' lang='lat' dir='ltr'><strong>te</strong></span> <span class='ocrx_word' id='word_1_130' title='bbox 405 2847 570 2932; x_wconf 77' lang='lat' dir='ltr'><strong>subtraxeris</strong></span> <span class='ocrx_word' id='word_1_131' title='bbox 598 2842 779 2928; x_wconf 57' lang='lat' dir='ltr'><strong>{superfluis</strong></span> 
     </span>
     <span class='ocr_line' id='line_1_22' title="bbox 591 2947 670 3029; baseline -0.076 -15"><span class='ocrx_word' id='word_1_132' title='bbox 591 2949 620 3014; x_wconf 87' lang='lat' dir='ltr'>C</span> <span class='ocrx_word' id='word_1_133' title='bbox 639 2947 670 3029; x_wconf 77' lang='lat' dir='ltr'><strong>iij</strong></span> 
     </span>
    </p>
   </div>
   <div class='ocr_carea' id='block_1_5' title="bbox 0 0 1007 3644">
    <p class='ocr_par' dir='ltr' id='par_1_5' title="bbox 0 0 1007 3644">
     <span class='ocr_line' id='line_1_23' title="bbox 0 0 1007 3644; baseline 0 0"><span class='ocrx_word' id='word_1_134' title='bbox 0 0 1007 3644; x_wconf 95' lang='lat' dir='ltr'><strong> </strong></span> 
     </span>
    </p>
   </div>
  </div>
 </body>
</html>
