1978 3644
136 240 138 244 “
205 218 262 298 60
322 207 780 298 DEIM1r.Canrrrr.'

201 363 287 445 culpi
305 360 396 439 sumus
416 384 427 437 3
446 362 514 444 quia
536 361 789 443 compundionem
814 360 920 422 cordis
978 414 980 437 1

201 488 262 529 non
277 469 428 550 quaerirnus
441 512 450 542 ‚
463 489 516 528 nec
532 488 621 530 vanas
639 468 672 530 &
690 482 825 527 externas
844 487 921 527 om-
976 512 978 543 :

200 576 272 636 nino
295 572 452 655 abjicimus.
651 598 652 602 ¹
821 588 824 593 “
977 617 980 650 1

243 699 273 756 4.
294 678 446 763 Cognosce
467 695 495 740 te
515 678 662 762 indignum
684 677 782 739 divini
804 676 919 739 conso·
974 722 980 756 2

201 788 334 860 latione,
351 784 405 845 ·sed
424 785 515 870 magis
536 784 654 868 dignum
676 784 766 845 multi
786 784 919 844 tribula·
973 827 980 873 1

198 893 292 954 tione.
323 890 453 972 Quando
482 891 573 951 homo
603 888 642 969 est
666 889 789 972 perfede
813 911 917 949 *conr-

202 996 322 1079 pundus
334 1042 343 1071 ‚
356 1012 423 1056 tunc
438 998 579 1079 gravis&
598 1016 709 1054 amarus
728 992 768 1053 est
784 996 813 1055 ei
836 1010 917 1053 totus
966 1037 977 1070 r

203 1102 336 1164 mundus.
356 1100 452 1160 Bonus
475 1099 566 1158 homo
588 1092 772 1158 sufficientem
796 1099 917 1161 invenit
973 1123 976 1174 3

203 1206 354 1271 materiam
377 1202 492 1264 dolendi
515 1205 547 1265 ὃ(
568 1200 662 1261 flendi.
685 1200 753 1264 Sive
777 1205 863 1262 enim
888 1201 917 1264 se
975 1276 980 1290 Ι

202 1306 470 1387 confiderar,s1ve
494 1306 529 1367 de
553 1307 688 1388 proximo
713 1306 812 1389 pensat
834 1307 915 1382 ,scit
975 1294 980 1304 ”

202 1415 270 1495 quia
291 1433 380 1473 nemo
404 1410 462 1472 srne
482 1411 662 1473 tribulatione
683 1412 731 1472 hic
750 1413 828 1472 vivit
848 1434 858 1485 ;
881 1414 914 1474 &

203 1535 311 1600 quanto
332 1515 450 1579 stridiiirs
468 1515 523 1578 sese
545 1515 724 1588 confideret,
739 1533 822 1580 tanto
843 1536 913 1579 am·
979 1556 980 1559 =

203 1623 279 1706 pliirs
299 1621 385 1685 dolet.
404 1623 536 1686 Materia
555 1619 618 1702 justi
639 1620 747 1683 doloris
769 1624 802 1684 &
820 1623 912 1682 inter-

203 1749 248 1789 nae
261 1728 488 1810 compundionis
506 1725 566 1787 sunt
581 1741 699 1808 peccata
712 1728 745 1788 δι
755 1726 828 1788 vitia
842 1723 911 1786 nos·

203 1847 269 1901 tra,
290 1831 389 1911 quibus
416 1833 456 1890 ita
476 1829 598 1912 involuti
618 1828 769 1908 jacemus,
788 1847 822 1891 ut
844 1849 911 1891 raro
979 1820 980 1861 ³

202 1932 329 1999 coelestia
348 1934 537 2016 contemplari
555 1933 715 1998 valeamun
979 1980 980 2017 ἱ

247 2061 273 2122 5.
295 2039 325 2100 Si
344 2039 516 2121 frequentiis
530 2039 567 2099 de
586 2058 680 2101 morte
700 2041 748 2101 turi
764 2040 853 2121 qiram
872 2041 915 2101 de.
979 2020 980 2111 i

202 2144 380 2227 longitudine
408 2146 476 2204 vitae
503 2145 672 2227 cogitares,
701 2167 760 2206 non
787 2145 908 2208 dubium

204 2251 272 2332 quin
291 2249 448 2310 ferventiirs
466 2265 494 2309 te
514 2251 690 2313 emendares.
707 2251 737 2312 Si
757 2252 844 2311 etiarn
862 2252 907 2313 fu·
979 2238 980 2279 ³

201 2370 278 2416 turas
296 2354 402 2417 Inferni
421 2352 480 2416 srve
497 2353 655 2439 Purgatorii
671 2378 772 2438 poenas
792 2357 906 2419 cordia-

202 2460 266 2519 liter
284 2458 497 2541 perpenderes,
517 2460 604 2521 credo
625 2461 703 2541 quod
724 2461 845 2522 libenter
862 2461 904 2521 la·
979 2470 980 2479 ’

204 2563 306 2646 borenr
333 2563 519 2624 &dolorem
545 2561 689 2624 sustineres
714 2567 746 2626 &
771 2567 841 2627 nihil
866 2568 904 2625 ri-

205 2670 282 2753 goris
299 2667 474 2728 formidares:
489 2665 546 2726 Sed
566 2668 631 2748 quia
650 2669 686 2728 ad
706 2690 757 2730 cor
776 2671 829 2731 ista
844 2690 902 2730 non
979 2684 980 2705 i

203 2772 345 2835 transeunt
368 2771 615 2837 &blandimenta
636 2773 727 2836 adhuc
752 2796 903 2845 amamus,
