<?xml version="1.0" encoding="UTF-8"?>
<!DOCTYPE html PUBLIC "-//W3C//DTD XHTML 1.0 Transitional//EN"
    "http://www.w3.org/TR/xhtml1/DTD/xhtml1-transitional.dtd">
<html xmlns="http://www.w3.org/1999/xhtml" xml:lang="en" lang="en">
 <head>
  <title>
</title>
<meta http-equiv="Content-Type" content="text/html;charset=utf-8" />
  <meta name='ocr-system' content='tesseract 3.04.00' />
  <meta name='ocr-capabilities' content='ocr_page ocr_carea ocr_par ocr_line ocrx_word'/>
</head>
<body>
  <div class='ocr_page' id='page_1' title='image "./deimitationechr00beaugoog_0017.png"; bbox 0 0 1978 3644; ppageno 0'>
   <div class='ocr_carea' id='block_1_1' title="bbox 172 192 770 284">
    <p class='ocr_par' dir='ltr' id='par_1_1' title="bbox 172 192 770 284">
     <span class='ocr_line' id='line_1_1' title="bbox 172 192 770 284; baseline 0.008 -20"><span class='ocrx_word' id='word_1_1' title='bbox 172 192 220 284; x_wconf 67' lang='lat' dir='ltr'>aij</span> <span class='ocrx_word' id='word_1_2' title='bbox 273 192 439 263; x_wconf 75' lang='lat' dir='ltr'>Onrrro</span> <span class='ocrx_word' id='word_1_3' title='bbox 469 204 770 269; x_wconf 64' lang='lat' dir='ltr'>narranaam:</span> 
     </span>
    </p>
   </div>
   <div class='ocr_carea' id='block_1_2' title="bbox 130 325 974 2880">
    <p class='ocr_par' dir='ltr' id='par_1_2' title="bbox 172 325 897 415">
     <span class='ocr_line' id='line_1_2' title="bbox 172 325 897 415; baseline 0.006 -22"><span class='ocrx_word' id='word_1_4' title='bbox 172 325 417 415; x_wconf 77' lang='lat' dir='ltr'>propensiones,</span> <span class='ocrx_word' id='word_1_5' title='bbox 431 330 572 393; x_wconf 79' lang='lat' dir='ltr'><strong>excolam</strong></span> <span class='ocrx_word' id='word_1_6' title='bbox 588 332 715 397; x_wconf 86' lang='lat' dir='ltr'>idoneas</span> <span class='ocrx_word' id='word_1_7' title='bbox 734 334 897 397; x_wconf 84' lang='lat' dir='ltr'>virtutes.</span> 
     </span>
    </p>

    <p class='ocr_par' dir='ltr' id='par_1_3' title="bbox 172 418 891 946">
     <span class='ocr_line' id='line_1_3' title="bbox 220 418 891 493; baseline 0.006 -12"><span class='ocrx_word' id='word_1_8' title='bbox 220 418 338 481; x_wconf 86' lang='lat' dir='ltr'>Tribue</span> <span class='ocrx_word' id='word_1_9' title='bbox 363 418 436 480; x_wconf 86' lang='lat' dir='ltr'>milri</span> <span class='ocrx_word' id='word_1_10' title='bbox 455 463 465 493; x_wconf 90' lang='lat'>‚</span> <span class='ocrx_word' id='word_1_11' title='bbox 487 421 569 482; x_wconf 89' lang='lat' dir='ltr'>bone</span> <span class='ocrx_word' id='word_1_12' title='bbox 597 420 714 492; x_wconf 86' lang='lat' dir='ltr'>Deus,</span> <span class='ocrx_word' id='word_1_13' title='bbox 740 441 891 485; x_wconf 89' lang='lat' dir='ltr'>amorem</span> 
     </span>
     <span class='ocr_line' id='line_1_4' title="bbox 176 506 890 592; baseline 0.008 -22"><span class='ocrx_word' id='word_1_14' title='bbox 176 508 245 578; x_wconf 87' lang='lat' dir='ltr'>rui,</span> <span class='ocrx_word' id='word_1_15' title='bbox 268 506 374 568; x_wconf 90' lang='lat' dir='ltr'>odium</span> <span class='ocrx_word' id='word_1_16' title='bbox 395 509 480 580; x_wconf 85' lang='lat' dir='ltr'>mei,</span> <span class='ocrx_word' id='word_1_17' title='bbox 499 510 599 571; x_wconf 85' lang='lat' dir='ltr'>zelum</span> <span class='ocrx_word' id='word_1_18' title='bbox 618 512 775 592; x_wconf 77' lang='lat' dir='ltr'>proximi,</span> <span class='ocrx_word' id='word_1_19' title='bbox 800 526 890 575; x_wconf 85' lang='lat' dir='ltr'>eon·</span> 
     </span>
     <span class='ocr_line' id='line_1_5' title="bbox 175 590 461 678; baseline -0.01 -18"><span class='ocrx_word' id='word_1_20' title='bbox 175 590 328 678; x_wconf 82' lang='lat' dir='ltr'>reniptum</span> <span class='ocrx_word' id='word_1_21' title='bbox 351 595 461 658; x_wconf 85' lang='lat' dir='ltr'>saeculi.</span> 
     </span>
     <span class='ocr_line' id='line_1_6' title="bbox 172 685 889 766; baseline 0.013 -20"><span class='ocrx_word' id='word_1_22' title='bbox 172 704 175 713; x_wconf 66' lang='lat'><strong>⁴</strong></span> <span class='ocrx_word' id='word_1_23' title='bbox 223 685 367 747; x_wconf 86' lang='lat' dir='ltr'>Studeam</span> <span class='ocrx_word' id='word_1_24' title='bbox 386 685 600 766; x_wconf 69' lang='lat' dir='ltr'>Superioribus</span> <span class='ocrx_word' id='word_1_25' title='bbox 619 687 773 761; x_wconf 86' lang='lat' dir='ltr'>obedire,</span> <span class='ocrx_word' id='word_1_26' title='bbox 794 687 889 755; x_wconf 73' lang='lat' dir='ltr'>lofe.-</span> 
     </span>
     <span class='ocr_line' id='line_1_7' title="bbox 176 773 890 853; baseline 0.006 -16"><span class='ocrx_word' id='word_1_27' title='bbox 176 775 312 838; x_wconf 86' lang='lat' dir='ltr'>rioribus</span> <span class='ocrx_word' id='word_1_28' title='bbox 340 773 535 851; x_wconf 86' lang='lat' dir='ltr'>subvenire,</span> <span class='ocrx_word' id='word_1_29' title='bbox 558 776 661 838; x_wconf 88' lang='lat' dir='ltr'>amicis</span> <span class='ocrx_word' id='word_1_30' title='bbox 689 774 849 841; x_wconf 87' lang='lat' dir='ltr'>consulere</span> <span class='ocrx_word' id='word_1_31' title='bbox 872 822 890 853; x_wconf 88' lang='lat'>,</span> 
     </span>
     <span class='ocr_line' id='line_1_8' title="bbox 177 864 464 946; baseline -0.003 -20"><span class='ocrx_word' id='word_1_32' title='bbox 177 864 311 926; x_wconf 86' lang='lat' dir='ltr'>inimicis</span> <span class='ocrx_word' id='word_1_33' title='bbox 330 883 464 946; x_wconf 83' lang='lat' dir='ltr'><strong>parcere.</strong></span> 
     </span>
    </p>

    <p class='ocr_par' dir='ltr' id='par_1_4' title="bbox 177 949 888 1216">
     <span class='ocr_line' id='line_1_9' title="bbox 224 949 887 1035; baseline 0.002 -21"><span class='ocrx_word' id='word_1_34' title='bbox 224 954 357 1015; x_wconf 86' lang='lat' dir='ltr'>Vincam</span> <span class='ocrx_word' id='word_1_35' title='bbox 378 953 570 1035; x_wconf 80' lang='lat' dir='ltr'>voluptatem</span> <span class='ocrx_word' id='word_1_36' title='bbox 590 949 762 1015; x_wconf 79' lang='lat' dir='ltr'>austeritate</span> <span class='ocrx_word' id='word_1_37' title='bbox 778 999 787 1028; x_wconf 88' lang='lat'>,</span> <span class='ocrx_word' id='word_1_38' title='bbox 802 972 887 1015; x_wconf 87' lang='lat' dir='ltr'>ava·</span> 
     </span>
     <span class='ocr_line' id='line_1_10' title="bbox 177 1041 888 1124; baseline 0 -19"><span class='ocrx_word' id='word_1_39' title='bbox 177 1042 280 1106; x_wconf 89' lang='lat' dir='ltr'>ritiam</span> <span class='ocrx_word' id='word_1_40' title='bbox 293 1042 451 1124; x_wconf 84' lang='lat' dir='ltr'>largitate,</span> <span class='ocrx_word' id='word_1_41' title='bbox 468 1041 653 1102; x_wconf 80' lang='lat' dir='ltr'>iracundiam</span> <span class='ocrx_word' id='word_1_42' title='bbox 668 1042 815 1118; x_wconf 81' lang='lat' dir='ltr'>lenitate,</span> <span class='ocrx_word' id='word_1_43' title='bbox 832 1060 888 1105; x_wconf 79' lang='lat' dir='ltr'>te·</span> 
     </span>
     <span class='ocr_line' id='line_1_11' title="bbox 177 1127 494 1216; baseline -0.016 -23"><span class='ocrx_word' id='word_1_44' title='bbox 177 1131 341 1216; x_wconf 85' lang='lat' dir='ltr'>pidiratem</span> <span class='ocrx_word' id='word_1_45' title='bbox 355 1127 494 1190; x_wconf 82' lang='lat' dir='ltr'>fervore.</span> 
     </span>
    </p>

    <p class='ocr_par' dir='ltr' id='par_1_5' title="bbox 176 1215 887 1478">
     <span class='ocr_line' id='line_1_12' title="bbox 177 1215 887 1298; baseline -0.001 -17"><span class='ocrx_word' id='word_1_46' title='bbox 177 1242 182 1253; x_wconf 88' lang='lat'><strong>·</strong></span> <span class='ocrx_word' id='word_1_47' title='bbox 226 1217 334 1281; x_wconf 80' lang='lat' dir='ltr'>Redde</span> <span class='ocrx_word' id='word_1_48' title='bbox 363 1235 414 1278; x_wconf 88' lang='lat' dir='ltr'>me·</span> <span class='ocrx_word' id='word_1_49' title='bbox 441 1215 624 1298; x_wconf 55' lang='lat' dir='ltr'>prudentem¹</span> <span class='ocrx_word' id='word_1_50' title='bbox 650 1216 682 1277; x_wconf 90' lang='lat' dir='ltr'>in</span> <span class='ocrx_word' id='word_1_51' title='bbox 714 1216 846 1281; x_wconf 72' lang='lat' dir='ltr'>consiliis</span> <span class='ocrx_word' id='word_1_52' title='bbox 870 1230 887 1295; x_wconf 85' lang='grc'>;</span> 
     </span>
     <span class='ocr_line' id='line_1_13' title="bbox 176 1305 885 1387; baseline 0 -17"><span class='ocrx_word' id='word_1_53' title='bbox 176 1305 371 1371; x_wconf 79' lang='lat' dir='ltr'>&#39;constantem</span> <span class='ocrx_word' id='word_1_54' title='bbox 400 1306 433 1365; x_wconf 88' lang='lat' dir='ltr'>in</span> <span class='ocrx_word' id='word_1_55' title='bbox 457 1306 629 1387; x_wconf 87' lang='lat' dir='ltr'>perieulis,</span> <span class='ocrx_word' id='word_1_56' title='bbox 653 1308 819 1387; x_wconf 85' lang='lat' dir='ltr'>patientem</span> <span class='ocrx_word' id='word_1_57' title='bbox 848 1309 885 1370; x_wconf 90' lang='lat' dir='ltr'>in</span> 
     </span>
     <span class='ocr_line' id='line_1_14' title="bbox 178 1393 737 1478; baseline -0.004 -20"><span class='ocrx_word' id='word_1_58' title='bbox 178 1393 332 1470; x_wconf 77' lang='lat' dir='ltr'>adversis,</span> <span class='ocrx_word' id='word_1_59' title='bbox 357 1394 502 1467; x_wconf 85' lang='lat' dir='ltr'>humilem</span> <span class='ocrx_word' id='word_1_60' title='bbox 523 1394 563 1465; x_wconf 85' lang='lat' dir='ltr'>in¹</span> <span class='ocrx_word' id='word_1_61' title='bbox 578 1393 737 1478; x_wconf 78' lang='lat' dir='ltr'>prosperis.</span> 
     </span>
    </p>

    <p class='ocr_par' dir='ltr' id='par_1_6' title="bbox 130 1480 974 2274">
     <span class='ocr_line' id='line_1_15' title="bbox 178 1480 884 1558; baseline 0.001 -12"><span class='ocrx_word' id='word_1_62' title='bbox 178 1498 202 1520; x_wconf 80' lang='grc'>·-</span> <span class='ocrx_word' id='word_1_63' title='bbox 222 1480 291 1547; x_wconf 65' lang='lat' dir='ltr'>fae</span> <span class='ocrx_word' id='word_1_64' title='bbox 299 1508 316 1555; x_wconf 72' lang='grc'>,’</span> <span class='ocrx_word' id='word_1_65' title='bbox 325 1482 483 1558; x_wconf 76' lang='lat' dir='ltr'>Domine,</span> <span class='ocrx_word' id='word_1_66' title='bbox 500 1497 535 1544; x_wconf 89' lang='lat' dir='ltr'>ur</span> <span class='ocrx_word' id='word_1_67' title='bbox 551 1482 604 1544; x_wconf 88' lang='lat' dir='ltr'>fim</span> <span class='ocrx_word' id='word_1_68' title='bbox 622 1485 653 1545; x_wconf 91' lang='lat' dir='ltr'>in</span> <span class='ocrx_word' id='word_1_69' title='bbox 672 1484 814 1546; x_wconf 90' lang='lat' dir='ltr'>oratione</span> <span class='ocrx_word' id='word_1_70' title='bbox 834 1495 884 1547; x_wconf 77' lang='lat' dir='ltr'>ar··</span> 
     </span>
     <span class='ocr_line' id='line_1_16' title="bbox 130 1567 927 1655; baseline -0.008 -19"><span class='ocrx_word' id='word_1_71' title='bbox 130 1591 134 1600; x_wconf 59' lang='lat'>²</span> <span class='ocrx_word' id='word_1_72' title='bbox 178 1568 306 1647; x_wconf 68' lang='lat' dir='ltr'>lemna,</span> <span class='ocrx_word' id='word_1_73' title='bbox 325 1572 357 1634; x_wconf 84' lang='lat' dir='ltr'>in</span> <span class='ocrx_word' id='word_1_74' title='bbox 375 1573 468 1655; x_wconf 88' lang='lat' dir='ltr'>epulo</span> <span class='ocrx_word' id='word_1_75' title='bbox 483 1570 621 1641; x_wconf 87' lang='lat' dir='ltr'>sobrius,</span> <span class='ocrx_word' id='word_1_76' title='bbox 637 1574 671 1654; x_wconf 73' lang='lat' dir='ltr'>irp</span> <span class='ocrx_word' id='word_1_77' title='bbox 692 1567 822 1637; x_wconf 87' lang='lat' dir='ltr'>munere·</span> <span class='ocrx_word' id='word_1_78' title='bbox 834 1573 883 1648; x_wconf 64' lang='lat' dir='ltr'>se·⁴</span> <span class='ocrx_word' id='word_1_79' title='bbox 924 1625 927 1630; x_wconf 89' lang='lat'>.</span> 
     </span>
     <span class='ocr_line' id='line_1_17' title="bbox 177 1652 974 1748; baseline -0.01 -21"><span class='ocrx_word' id='word_1_80' title='bbox 177 1662 273 1734; x_wconf 69' lang='lat' dir='ltr'>sriulus</span> <span class='ocrx_word' id='word_1_81' title='bbox 284 1658 340 1748; x_wconf 40' lang='lat'>’13¹¹</span> <span class='ocrx_word' id='word_1_82' title='bbox 359 1659 516 1744; x_wconf 84' lang='lat' dir='ltr'>propofito</span> <span class='ocrx_word' id='word_1_83' title='bbox 535 1659 650 1724; x_wconf 73' lang='lat' dir='ltr'>firmus.</span> <span class='ocrx_word' id='word_1_84' title='bbox 973 1652 974 1735; x_wconf 82' lang='lat' dir='ltr'>j</span> 
     </span>
     <span class='ocr_line' id='line_1_18' title="bbox 196 1751 974 1827; baseline -0.005 -13"><span class='ocrx_word' id='word_1_85' title='bbox 196 1820 200 1827; x_wconf 57' lang='grc'><em>,</em></span> <span class='ocrx_word' id='word_1_86' title='bbox 217 1752 334 1821; x_wconf 87' lang='lat' dir='ltr'>Curem</span> <span class='ocrx_word' id='word_1_87' title='bbox 346 1751 457 1812; x_wconf 88' lang='lat' dir='ltr'>habere</span> <span class='ocrx_word' id='word_1_88' title='bbox 469 1752 677 1811; x_wconf 85' lang='lat' dir='ltr'>innocentiam</span> <span class='ocrx_word' id='word_1_89' title='bbox 687 1751 884 1826; x_wconf 63' lang='lat' dir='ltr'>Interioremg</span> <span class='ocrx_word' id='word_1_90' title='bbox 973 1752 974 1755; x_wconf 72' lang='grc'>’</span> 
     </span>
     <span class='ocr_line' id='line_1_19' title="bbox 179 1837 883 1909; baseline -0.001 -7"><span class='ocrx_word' id='word_1_91' title='bbox 179 1838 361 1903; x_wconf 75' lang='lat' dir='ltr'>modestiam</span> <span class='ocrx_word' id='word_1_92' title='bbox 375 1837 568 1909; x_wconf 71' lang='lat' dir='ltr'>¹exteriorem</span> <span class='ocrx_word' id='word_1_93' title='bbox 584 1883 596 1909; x_wconf 90' lang='lat'>‚</span> <span class='ocrx_word' id='word_1_94' title='bbox 614 1837 883 1901; x_wconf 86' lang='lat' dir='ltr'>conversationem</span> 
     </span>
     <span class='ocr_line' id='line_1_20' title="bbox 179 1923 974 2013; baseline -0.006 -22"><span class='ocrx_word' id='word_1_95' title='bbox 179 1924 410 2013; x_wconf 72' lang='lat' dir='ltr'>exemplarem,</span> <span class='ocrx_word' id='word_1_96' title='bbox 431 1925 528 1985; x_wconf 82' lang='lat' dir='ltr'>viram</span> <span class='ocrx_word' id='word_1_97' title='bbox 546 1927 725 2007; x_wconf 84' lang='lat' dir='ltr'>regularem.</span> <span class='ocrx_word' id='word_1_98' title='bbox 872 1923 875 1928; x_wconf 73' lang='grc'><strong>’</strong></span> <span class='ocrx_word' id='word_1_99' title='bbox 973 2006 974 2013; x_wconf 14' lang='lat'>¹</span> 
     </span>
     <span class='ocr_line' id='line_1_21' title="bbox 180 2014 974 2095; baseline -0.004 -15"><span class='ocrx_word' id='word_1_100' title='bbox 180 2020 189 2057; x_wconf 70' lang='lat'>³</span> <span class='ocrx_word' id='word_1_101' title='bbox 231 2014 354 2080; x_wconf 77' lang='lat' dir='ltr'>Affidue</span> <span class='ocrx_word' id='word_1_102' title='bbox 377 2014 534 2095; x_wconf 77' lang='lat' dir='ltr'>invigilem</span> <span class='ocrx_word' id='word_1_103' title='bbox 561 2032 678 2075; x_wconf 85' lang='lat' dir='ltr'>naturae</span> <span class='ocrx_word' id='word_1_104' title='bbox 703 2014 883 2091; x_wconf 80' lang='lat' dir='ltr'>domandae.,&#39;</span> <span class='ocrx_word' id='word_1_105' title='bbox 973 2064 974 2067; x_wconf 63' lang='lat'>,</span> 
     </span>
     <span class='ocr_line' id='line_1_22' title="bbox 181 2098 974 2190; baseline -0.001 -23"><span class='ocrx_word' id='word_1_106' title='bbox 181 2102 292 2190; x_wconf 70' lang='lat' dir='ltr'>gratiae</span> <span class='ocrx_word' id='word_1_107' title='bbox 315 2098 460 2169; x_wconf 68' lang='lat' dir='ltr'>fovenda</span> <span class='ocrx_word' id='word_1_108' title='bbox 476 2144 489 2171; x_wconf 90' lang='lat'>,</span> <span class='ocrx_word' id='word_1_109' title='bbox 512 2101 573 2182; x_wconf 84' lang='lat' dir='ltr'>legi</span> <span class='ocrx_word' id='word_1_110' title='bbox 591 2101 775 2175; x_wconf 81' lang='lat' dir='ltr'>servandae,</span> <span class='ocrx_word' id='word_1_111' title='bbox 796 2103 881 2167; x_wconf 87' lang='lat' dir='ltr'>saluti</span> <span class='ocrx_word' id='word_1_112' title='bbox 973 2098 974 2101; x_wconf 49' lang='lat'>&#39;</span> 
     </span>
     <span class='ocr_line' id='line_1_23' title="bbox 180 2190 392 2274; baseline -0.014 -17"><span class='ocrx_word' id='word_1_113' title='bbox 180 2190 392 2274; x_wconf 62' lang='lat' dir='ltr'>acquirenda.</span> 
     </span>
    </p>

    <p class='ocr_par' dir='ltr' id='par_1_7' title="bbox 180 2279 974 2629">
     <span class='ocr_line' id='line_1_24' title="bbox 180 2279 881 2364; baseline 0.001 -21"><span class='ocrx_word' id='word_1_114' title='bbox 180 2318 184 2329; x_wconf 92' lang='lat'>·</span> <span class='ocrx_word' id='word_1_115' title='bbox 231 2279 355 2344; x_wconf 90' lang='lat' dir='ltr'>Difcam</span> <span class='ocrx_word' id='word_1_116' title='bbox 374 2280 392 2342; x_wconf 76' lang='grc' dir='ltr'>ἐι</span> <span class='ocrx_word' id='word_1_117' title='bbox 410 2295 444 2342; x_wconf 87' lang='lat' dir='ltr'>re</span> <span class='ocrx_word' id='word_1_118' title='bbox 458 2298 549 2362; x_wconf 84' lang='lat' dir='ltr'>quam</span> <span class='ocrx_word' id='word_1_119' title='bbox 566 2296 660 2342; x_wconf 86' lang='lat' dir='ltr'>tenue</span> <span class='ocrx_word' id='word_1_120' title='bbox 672 2279 710 2343; x_wconf 83' lang='lat' dir='ltr'>fit</span> <span class='ocrx_word' id='word_1_121' title='bbox 721 2282 808 2364; x_wconf 81' lang='lat' dir='ltr'>quoti</span> <span class='ocrx_word' id='word_1_122' title='bbox 822 2298 881 2350; x_wconf 90' lang='lat' dir='ltr'>rer·</span> 
     </span>
     <span class='ocr_line' id='line_1_25' title="bbox 185 2365 974 2453; baseline -0.005 -18"><span class='ocrx_word' id='word_1_123' title='bbox 185 2388 299 2435; x_wconf 89' lang='lat' dir='ltr'>renum</span> <span class='ocrx_word' id='word_1_124' title='bbox 313 2369 375 2444; x_wconf 84' lang='lat' dir='ltr'>est,</span> <span class='ocrx_word' id='word_1_125' title='bbox 388 2389 478 2452; x_wconf 89' lang='lat' dir='ltr'>quam</span> <span class='ocrx_word' id='word_1_126' title='bbox 498 2369 610 2453; x_wconf 81' lang='lat' dir='ltr'>grande</span> <span class='ocrx_word' id='word_1_127' title='bbox 626 2371 709 2452; x_wconf 90' lang='lat' dir='ltr'>quod</span> <span class='ocrx_word' id='word_1_128' title='bbox 728 2365 879 2445; x_wconf 82' lang='lat' dir='ltr'>divinum,</span> <span class='ocrx_word' id='word_1_129' title='bbox 973 2388 974 2391; x_wconf 71' lang='grc'>’</span> 
     </span>
     <span class='ocr_line' id='line_1_26' title="bbox 183 2452 882 2542; baseline 0 -21"><span class='ocrx_word' id='word_1_130' title='bbox 183 2480 278 2542; x_wconf 87' lang='lat' dir='ltr'>quam</span> <span class='ocrx_word' id='word_1_131' title='bbox 298 2460 393 2521; x_wconf 89' lang='lat' dir='ltr'>breve</span> <span class='ocrx_word' id='word_1_132' title='bbox 416 2458 498 2540; x_wconf 90' lang='lat' dir='ltr'>quod</span> <span class='ocrx_word' id='word_1_133' title='bbox 519 2452 770 2540; x_wconf 83' lang='lat' dir='ltr'>temporaneum,</span> <span class='ocrx_word' id='word_1_134' title='bbox 791 2479 882 2540; x_wconf 85' lang='lat' dir='ltr'>quam</span> 
     </span>
     <span class='ocr_line' id='line_1_27' title="bbox 184 2544 873 2629; baseline -0.012 -14"><span class='ocrx_word' id='word_1_135' title='bbox 184 2548 323 2618; x_wconf 69' lang='lat' dir='ltr'>damone</span> <span class='ocrx_word' id='word_1_136' title='bbox 334 2547 423 2629; x_wconf 76' lang='lat' dir='ltr'>quo&#39;d</span> <span class='ocrx_word' id='word_1_137' title='bbox 439 2565 602 2610; x_wconf 83' lang='lat' dir='ltr'>aeternum.</span> <span class='ocrx_word' id='word_1_138' title='bbox 869 2544 873 2549; x_wconf 82' lang='grc'><strong>’</strong></span> 
     </span>
    </p>

    <p class='ocr_par' dir='ltr' id='par_1_8' title="bbox 181 2635 879 2880">
     <span class='ocr_line' id='line_1_28' title="bbox 234 2635 879 2719; baseline -0.003 -19"><span class='ocrx_word' id='word_1_139' title='bbox 234 2636 286 2700; x_wconf 89' lang='lat' dir='ltr'>Da</span> <span class='ocrx_word' id='word_1_140' title='bbox 306 2652 341 2698; x_wconf 92' lang='lat' dir='ltr'>ut</span> <span class='ocrx_word' id='word_1_141' title='bbox 361 2654 491 2719; x_wconf 85' lang='lat' dir='ltr'>mortem</span> <span class='ocrx_word' id='word_1_142' title='bbox 512 2636 715 2719; x_wconf 81' lang='lat' dir='ltr'>praeveniam,</span> <span class='ocrx_word' id='word_1_143' title='bbox 735 2635 879 2717; x_wconf 87' lang='lat' dir='ltr'>judicium</span> 
     </span>
     <span class='ocr_line' id='line_1_29' title="bbox 182 2723 879 2812; baseline 0 -25"><span class='ocrx_word' id='word_1_144' title='bbox 182 2728 388 2812; x_wconf 82' lang='lat' dir='ltr'>perri&#39;meam·,‘</span> <span class='ocrx_word' id='word_1_145' title='bbox 406 2725 558 2790; x_wconf 82' lang='lat' dir='ltr'>infernum</span> <span class='ocrx_word' id='word_1_146' title='bbox 580 2723 743 2805; x_wconf 84' lang='lat' dir='ltr'>effugiam,</span> <span class='ocrx_word' id='word_1_147' title='bbox 765 2725 879 2809; x_wconf 65' lang='lat' dir='ltr'>paradi3</span> 
     </span>
     <span class='ocr_line' id='line_1_30' title="bbox 181 2812 873 2880; baseline -0.007 -1"><span class='ocrx_word' id='word_1_148' title='bbox 181 2812 441 2880; x_wconf 61' lang='lat' dir='ltr'>rumentinam.</span> <span class='ocrx_word' id='word_1_149' title='bbox 497 2848 500 2855; x_wconf 91' lang='lat'>·</span> <span class='ocrx_word' id='word_1_150' title='bbox 551 2817 665 2877; x_wconf 76' lang='lat' dir='ltr'>Amen.</span> <span class='ocrx_word' id='word_1_151' title='bbox 701 2864 706 2868; x_wconf 91' lang='lat'>.</span> <span class='ocrx_word' id='word_1_152' title='bbox 869 2836 873 2845; x_wconf 82' lang='grc'><em>·</em></span> 
     </span>
    </p>
   </div>
   <div class='ocr_carea' id='block_1_3' title="bbox 0 0 996 3644">
    <p class='ocr_par' dir='ltr' id='par_1_9' title="bbox 0 0 996 3644">
     <span class='ocr_line' id='line_1_31' title="bbox 0 0 996 3644; baseline 0 0"><span class='ocrx_word' id='word_1_153' title='bbox 0 0 996 3644; x_wconf 95' lang='lat' dir='ltr'> </span> 
     </span>
    </p>
   </div>
  </div>
 </body>
</html>
