<?xml version="1.0" encoding="UTF-8"?>
<!DOCTYPE html PUBLIC "-//W3C//DTD XHTML 1.0 Transitional//EN"
    "http://www.w3.org/TR/xhtml1/DTD/xhtml1-transitional.dtd">
<html xmlns="http://www.w3.org/1999/xhtml" xml:lang="en" lang="en">
 <head>
  <title>
</title>
<meta http-equiv="Content-Type" content="text/html;charset=utf-8" />
  <meta name='ocr-system' content='tesseract 3.04.00' />
  <meta name='ocr-capabilities' content='ocr_page ocr_carea ocr_par ocr_line ocrx_word'/>
</head>
<body>
  <div class='ocr_page' id='page_1' title='image "./deimitationechr00beaugoog_0147.png"; bbox 0 0 1926 3646; ppageno 0'>
   <div class='ocr_carea' id='block_1_1' title="bbox 254 233 863 362">
    <p class='ocr_par' dir='ltr' id='par_1_1' title="bbox 254 233 863 362">
     <span class='ocr_line' id='line_1_1' title="bbox 254 233 863 362; baseline -0.011 -16"><span class='ocrx_word' id='word_1_1' title='bbox 254 288 331 362; x_wconf 85' lang='lat'>¹42</span> <span class='ocrx_word' id='word_1_2' title='bbox 391 284 458 338; x_wconf 76' lang='lat' dir='ltr'>ou</span> <span class='ocrx_word' id='word_1_3' title='bbox 480 254 613 340; x_wconf 72' lang='grc' dir='ltr'><em>[ΜΠ.</em></span> <span class='ocrx_word' id='word_1_4' title='bbox 635 233 863 339; x_wconf 69' lang='lat' dir='ltr'>Cffursrr.</span> 
     </span>
    </p>
   </div>
   <div class='ocr_carea' id='block_1_2' title="bbox 171 402 952 2689">
    <p class='ocr_par' dir='ltr' id='par_1_2' title="bbox 171 402 952 1958">
     <span class='ocr_line' id='line_1_2' title="bbox 247 402 948 493; baseline -0.007 -21"><span class='ocrx_word' id='word_1_5' title='bbox 247 409 338 493; x_wconf 90' lang='lat' dir='ltr'>ipsum</span> <span class='ocrx_word' id='word_1_6' title='bbox 353 405 543 490; x_wconf 89' lang='lat' dir='ltr'>despicere&amp;</span> <span class='ocrx_word' id='word_1_7' title='bbox 558 421 695 488; x_wconf 87' lang='lat' dir='ltr'>tanquam</span> <span class='ocrx_word' id='word_1_8' title='bbox 711 404 832 488; x_wconf 83' lang='lat' dir='ltr'>indigno</span> <span class='ocrx_word' id='word_1_9' title='bbox 853 402 948 467; x_wconf 77' lang='lat' dir='ltr'>datam</span> 
     </span>
     <span class='ocr_line' id='line_1_3' title="bbox 246 509 948 579; baseline -0.004 -4"><span class='ocrx_word' id='word_1_10' title='bbox 246 517 356 577; x_wconf 87' lang='lat' dir='ltr'>timere.</span> <span class='ocrx_word' id='word_1_11' title='bbox 373 513 443 574; x_wconf 89' lang='lat' dir='ltr'>Non</span> <span class='ocrx_word' id='word_1_12' title='bbox 461 510 502 573; x_wconf 86' lang='lat' dir='ltr'>est</span> <span class='ocrx_word' id='word_1_13' title='bbox 516 511 582 572; x_wconf 88' lang='lat' dir='ltr'>huic</span> <span class='ocrx_word' id='word_1_14' title='bbox 600 509 743 572; x_wconf 68' lang='lat' dir='ltr'>affediioni</span> <span class='ocrx_word' id='word_1_15' title='bbox 758 512 892 579; x_wconf 72' lang='lat' dir='ltr'>tenacius</span> <span class='ocrx_word' id='word_1_16' title='bbox 908 512 948 572; x_wconf 86' lang='lat' dir='ltr'>in·</span> 
     </span>
     <span class='ocr_line' id='line_1_4' title="bbox 246 613 945 700; baseline -0.009 -19"><span class='ocrx_word' id='word_1_17' title='bbox 246 618 440 692; x_wconf 78' lang='lat' dir='ltr'>haerendum,</span> <span class='ocrx_word' id='word_1_18' title='bbox 466 638 529 700; x_wconf 82' lang='lat' dir='ltr'>quae</span> <span class='ocrx_word' id='word_1_19' title='bbox 554 618 637 691; x_wconf 69' lang='lat' dir='ltr'>citiits</span> <span class='ocrx_word' id='word_1_20' title='bbox 666 613 759 697; x_wconf 89' lang='lat' dir='ltr'>potest</span> <span class='ocrx_word' id='word_1_21' title='bbox 788 617 895 676; x_wconf 86' lang='lat' dir='ltr'>mutari</span> <span class='ocrx_word' id='word_1_22' title='bbox 920 617 945 676; x_wconf 87' lang='lat' dir='ltr'>in</span> 
     </span>
     <span class='ocr_line' id='line_1_5' title="bbox 244 719 945 804; baseline -0.007 -19"><span class='ocrx_word' id='word_1_23' title='bbox 244 726 429 786; x_wconf 82' lang='lat' dir='ltr'>contrariom.</span> <span class='ocrx_word' id='word_1_24' title='bbox 450 721 556 804; x_wconf 83' lang='lat' dir='ltr'>Cogita</span> <span class='ocrx_word' id='word_1_25' title='bbox 578 723 608 780; x_wconf 90' lang='lat' dir='ltr'>in</span> <span class='ocrx_word' id='word_1_26' title='bbox 629 720 739 803; x_wconf 71' lang='lat' dir='ltr'>gradi,</span> <span class='ocrx_word' id='word_1_27' title='bbox 757 742 846 802; x_wconf 88' lang='lat' dir='ltr'>quam</span> <span class='ocrx_word' id='word_1_28' title='bbox 868 719 945 781; x_wconf 87' lang='lat' dir='ltr'>miset</span> 
     </span>
     <span class='ocr_line' id='line_1_6' title="bbox 245 816 941 911; baseline -0.006 -22"><span class='ocrx_word' id='word_1_29' title='bbox 245 831 383 911; x_wconf 85' lang='lat' dir='ltr'>&amp;inops</span> <span class='ocrx_word' id='word_1_30' title='bbox 405 824 461 887; x_wconf 81' lang='lat' dir='ltr'>effe</span> <span class='ocrx_word' id='word_1_31' title='bbox 482 816 554 886; x_wconf 79' lang='lat' dir='ltr'>soles</span> <span class='ocrx_word' id='word_1_32' title='bbox 572 825 631 885; x_wconf 87' lang='lat' dir='ltr'>sine</span> <span class='ocrx_word' id='word_1_33' title='bbox 654 825 753 907; x_wconf 72' lang='lat' dir='ltr'>gratid.</span> <span class='ocrx_word' id='word_1_34' title='bbox 772 824 836 888; x_wconf 91' lang='lat' dir='ltr'>Nec</span> <span class='ocrx_word' id='word_1_35' title='bbox 857 823 941 885; x_wconf 82' lang='lat' dir='ltr'>estio</span> 
     </span>
     <span class='ocr_line' id='line_1_7' title="bbox 245 929 941 1012; baseline -0.014 -14"><span class='ocrx_word' id='word_1_36' title='bbox 245 956 284 999; x_wconf 83' lang='lat' dir='ltr'>co</span> <span class='ocrx_word' id='word_1_37' title='bbox 303 951 415 995; x_wconf 85' lang='lat' dir='ltr'>tantum</span> <span class='ocrx_word' id='word_1_38' title='bbox 431 933 498 992; x_wconf 81' lang='lat' dir='ltr'>vitae</span> <span class='ocrx_word' id='word_1_39' title='bbox 516 929 662 1012; x_wconf 85' lang='lat' dir='ltr'>spiritualis</span> <span class='ocrx_word' id='word_1_40' title='bbox 681 929 844 1012; x_wconf 69' lang='lat' dir='ltr'>profedius‚</span> <span class='ocrx_word' id='word_1_41' title='bbox 860 951 941 1012; x_wconf 90' lang='lat' dir='ltr'>quum</span> 
     </span>
     <span class='ocr_line' id='line_1_8' title="bbox 246 1033 940 1117; baseline -0.006 -17"><span class='ocrx_word' id='word_1_42' title='bbox 246 1038 448 1107; x_wconf 80' lang='lat' dir='ltr'>consolationis</span> <span class='ocrx_word' id='word_1_43' title='bbox 469 1035 601 1096; x_wconf 78' lang='lat' dir='ltr'>habueris</span> <span class='ocrx_word' id='word_1_44' title='bbox 623 1036 743 1117; x_wconf 84' lang='lat' dir='ltr'>gratiam</span> <span class='ocrx_word' id='word_1_45' title='bbox 762 1057 772 1109; x_wconf 81' lang='lat'>3</span> <span class='ocrx_word' id='word_1_46' title='bbox 793 1033 841 1096; x_wconf 92' lang='lat' dir='ltr'>sed</span> <span class='ocrx_word' id='word_1_47' title='bbox 860 1056 940 1116; x_wconf 85' lang='lat' dir='ltr'>quun</span> 
     </span>
     <span class='ocr_line' id='line_1_9' title="bbox 245 1139 952 1222; baseline -0.007 -17"><span class='ocrx_word' id='word_1_48' title='bbox 245 1143 408 1213; x_wconf 88' lang='lat' dir='ltr'>humiliter,</span> <span class='ocrx_word' id='word_1_49' title='bbox 429 1141 461 1201; x_wconf 68' lang='grc' dir='ltr'>ἃ</span> <span class='ocrx_word' id='word_1_50' title='bbox 480 1140 639 1222; x_wconf 75' lang='lat' dir='ltr'>abnegate,</span> <span class='ocrx_word' id='word_1_51' title='bbox 662 1141 856 1222; x_wconf 82' lang='lat' dir='ltr'>patienterque</span> <span class='ocrx_word' id='word_1_52' title='bbox 876 1139 952 1200; x_wconf 69' lang='lat' dir='ltr'>tole·</span> 
     </span>
     <span class='ocr_line' id='line_1_10' title="bbox 245 1243 938 1327; baseline -0.003 -21"><span class='ocrx_word' id='word_1_53' title='bbox 245 1248 284 1306; x_wconf 86' lang='lat' dir='ltr'>ris</span> <span class='ocrx_word' id='word_1_54' title='bbox 304 1243 365 1325; x_wconf 84' lang='lat' dir='ltr'>ejus</span> <span class='ocrx_word' id='word_1_55' title='bbox 386 1243 630 1306; x_wconf 66' lang='lat' dir='ltr'>subtractionem:</span> <span class='ocrx_word' id='word_1_56' title='bbox 653 1245 692 1305; x_wconf 87' lang='lat' dir='ltr'>ita</span> <span class='ocrx_word' id='word_1_57' title='bbox 716 1244 795 1327; x_wconf 89' lang='lat' dir='ltr'>quod</span> <span class='ocrx_word' id='word_1_58' title='bbox 819 1262 884 1305; x_wconf 84' lang='lat' dir='ltr'>tunc</span> <span class='ocrx_word' id='word_1_59' title='bbox 906 1243 938 1304; x_wconf 81' lang='lat' dir='ltr'>ab</span> 
     </span>
     <span class='ocr_line' id='line_1_11' title="bbox 243 1348 937 1431; baseline -0.001 -22"><span class='ocrx_word' id='word_1_60' title='bbox 243 1351 383 1421; x_wconf 79' lang='lat' dir='ltr'>orationis</span> <span class='ocrx_word' id='word_1_61' title='bbox 406 1348 497 1409; x_wconf 91' lang='lat' dir='ltr'>studio</span> <span class='ocrx_word' id='word_1_62' title='bbox 519 1371 579 1410; x_wconf 85' lang='lat' dir='ltr'>non</span> <span class='ocrx_word' id='word_1_63' title='bbox 605 1364 739 1431; x_wconf 82' lang='lat' dir='ltr'>torpeas,</span> <span class='ocrx_word' id='word_1_64' title='bbox 763 1369 817 1408; x_wconf 86' lang='lat' dir='ltr'>nec</span> <span class='ocrx_word' id='word_1_65' title='bbox 839 1349 937 1430; x_wconf 84' lang='lat' dir='ltr'>reliqua</span> 
     </span>
     <span class='ocr_line' id='line_1_12' title="bbox 245 1450 935 1537; baseline -0.013 -18"><span class='ocrx_word' id='word_1_66' title='bbox 245 1476 336 1537; x_wconf 85' lang='lat' dir='ltr'>opera</span> <span class='ocrx_word' id='word_1_67' title='bbox 357 1471 406 1515; x_wconf 81' lang='lat' dir='ltr'>tua</span> <span class='ocrx_word' id='word_1_68' title='bbox 429 1475 464 1514; x_wconf 84' lang='lat' dir='ltr'>ex</span> <span class='ocrx_word' id='word_1_69' title='bbox 484 1453 533 1514; x_wconf 90' lang='lat' dir='ltr'>usu</span> <span class='ocrx_word' id='word_1_70' title='bbox 561 1453 692 1515; x_wconf 82' lang='lat' dir='ltr'>facienda</span> <span class='ocrx_word' id='word_1_71' title='bbox 717 1454 839 1514; x_wconf 87' lang='lat' dir='ltr'>omnino</span> <span class='ocrx_word' id='word_1_72' title='bbox 859 1450 935 1512; x_wconf 81' lang='lat' dir='ltr'>dilabi</span> 
     </span>
     <span class='ocr_line' id='line_1_13' title="bbox 171 1557 935 1645; baseline -0.008 -22"><span class='ocrx_word' id='word_1_73' title='bbox 171 1566 175 1573; x_wconf 52' lang='lat'><em>¹</em></span> <span class='ocrx_word' id='word_1_74' title='bbox 245 1563 394 1645; x_wconf 81' lang='lat' dir='ltr'>permittas</span> <span class='ocrx_word' id='word_1_75' title='bbox 411 1583 421 1635; x_wconf 91' lang='lat'>;</span> <span class='ocrx_word' id='word_1_76' title='bbox 441 1559 489 1620; x_wconf 91' lang='lat' dir='ltr'>sed</span> <span class='ocrx_word' id='word_1_77' title='bbox 506 1558 577 1620; x_wconf 77' lang='lat' dir='ltr'>sicut</span> <span class='ocrx_word' id='word_1_78' title='bbox 593 1559 694 1619; x_wconf 81' lang='lat' dir='ltr'>meliirs</span> <span class='ocrx_word' id='word_1_79' title='bbox 709 1559 836 1641; x_wconf 69' lang='lat' dir='ltr'>⁴potueris</span> <span class='ocrx_word' id='word_1_80' title='bbox 853 1559 883 1622; x_wconf 68' lang='grc' dir='ltr'>ἃ</span> <span class='ocrx_word' id='word_1_81' title='bbox 898 1557 935 1617; x_wconf 88' lang='lat' dir='ltr'>io·</span> 
     </span>
     <span class='ocr_line' id='line_1_14' title="bbox 245 1661 936 1747; baseline -0.009 -18"><span class='ocrx_word' id='word_1_82' title='bbox 245 1666 385 1731; x_wconf 82' lang='lat' dir='ltr'>tellexeris</span> <span class='ocrx_word' id='word_1_83' title='bbox 409 1666 529 1726; x_wconf 88' lang='lat' dir='ltr'>libenter</span> <span class='ocrx_word' id='word_1_84' title='bbox 549 1662 628 1747; x_wconf 86' lang='lat' dir='ltr'>quod</span> <span class='ocrx_word' id='word_1_85' title='bbox 654 1665 684 1723; x_wconf 89' lang='lat' dir='ltr'>in</span> <span class='ocrx_word' id='word_1_86' title='bbox 709 1682 738 1723; x_wconf 87' lang='lat' dir='ltr'>te</span> <span class='ocrx_word' id='word_1_87' title='bbox 765 1661 806 1725; x_wconf 87' lang='lat' dir='ltr'>est</span> <span class='ocrx_word' id='word_1_88' title='bbox 831 1661 936 1736; x_wconf 81' lang='lat' dir='ltr'>saciar‚‘</span> 
     </span>
     <span class='ocr_line' id='line_1_15' title="bbox 245 1766 934 1852; baseline -0.003 -21"><span class='ocrx_word' id='word_1_89' title='bbox 245 1791 299 1831; x_wconf 85' lang='lat' dir='ltr'>uec</span> <span class='ocrx_word' id='word_1_90' title='bbox 321 1815 332 1845; x_wconf 90' lang='lat'><strong><em>‚</em></strong></span> <span class='ocrx_word' id='word_1_91' title='bbox 357 1787 475 1852; x_wconf 91' lang='lat' dir='ltr'>propter</span> <span class='ocrx_word' id='word_1_92' title='bbox 505 1768 664 1829; x_wconf 86' lang='lat' dir='ltr'>ariditatem</span> <span class='ocrx_word' id='word_1_93' title='bbox 694 1766 740 1829; x_wconf 91' lang='lat' dir='ltr'>seu</span> <span class='ocrx_word' id='word_1_94' title='bbox 772 1770 934 1841; x_wconf 83' lang='lat' dir='ltr'>anxietatem</span> 
     </span>
     <span class='ocr_line' id='line_1_16' title="bbox 244 1873 933 1958; baseline -0.001 -23"><span class='ocrx_word' id='word_1_95' title='bbox 244 1875 349 1936; x_wconf 85' lang='lat' dir='ltr'>mentis</span> <span class='ocrx_word' id='word_1_96' title='bbox 374 1895 461 1955; x_wconf 85' lang='lat' dir='ltr'>quam</span> <span class='ocrx_word' id='word_1_97' title='bbox 482 1873 591 1948; x_wconf 85' lang='lat' dir='ltr'>sentis,</span> <span class='ocrx_word' id='word_1_98' title='bbox 614 1889 643 1933; x_wconf 89' lang='lat' dir='ltr'>te</span> <span class='ocrx_word' id='word_1_99' title='bbox 662 1873 788 1934; x_wconf 84' lang='lat' dir='ltr'>totaliter</span> <span class='ocrx_word' id='word_1_100' title='bbox 809 1874 933 1958; x_wconf 81' lang='lat' dir='ltr'>negligas.</span> 
     </span>
    </p>

    <p class='ocr_par' dir='ltr' id='par_1_3' title="bbox 241 1976 932 2689">
     <span class='ocr_line' id='line_1_17' title="bbox 286 1976 932 2061; baseline -0.006 -21"><span class='ocrx_word' id='word_1_101' title='bbox 286 1997 315 2040; x_wconf 82' lang='lat'>2·</span> <span class='ocrx_word' id='word_1_102' title='bbox 334 1977 420 2039; x_wconf 90' lang='lat' dir='ltr'>Multi</span> <span class='ocrx_word' id='word_1_103' title='bbox 438 1980 515 2038; x_wconf 84' lang='lat' dir='ltr'>enim</span> <span class='ocrx_word' id='word_1_104' title='bbox 531 1976 593 2038; x_wconf 91' lang='lat' dir='ltr'>sunt</span> <span class='ocrx_word' id='word_1_105' title='bbox 608 1979 677 2060; x_wconf 87' lang='lat' dir='ltr'>qui,</span> <span class='ocrx_word' id='word_1_106' title='bbox 690 2000 779 2061; x_wconf 88' lang='lat' dir='ltr'>quum</span> <span class='ocrx_word' id='word_1_107' title='bbox 794 2000 855 2041; x_wconf 87' lang='lat' dir='ltr'>non</span> <span class='ocrx_word' id='word_1_108' title='bbox 869 1978 932 2039; x_wconf 82' lang='lat' dir='ltr'>bene</span> 
     </span>
     <span class='ocr_line' id='line_1_18' title="bbox 244 2064 931 2164; baseline -0.003 -22"><span class='ocrx_word' id='word_1_109' title='bbox 244 2082 286 2142; x_wconf 87' lang='lat' dir='ltr'>eis</span> <span class='ocrx_word' id='word_1_110' title='bbox 307 2078 482 2155; x_wconf 74' lang='lat' dir='ltr'>successerit,</span> <span class='ocrx_word' id='word_1_111' title='bbox 495 2080 588 2142; x_wconf 86' lang='lat' dir='ltr'>statim</span> <span class='ocrx_word' id='word_1_112' title='bbox 607 2064 790 2164; x_wconf 77' lang='lat' dir='ltr'>impatientes</span> <span class='ocrx_word' id='word_1_113' title='bbox 807 2081 878 2144; x_wconf 81' lang='lat' dir='ltr'>fiunt</span> <span class='ocrx_word' id='word_1_114' title='bbox 893 2094 931 2142; x_wconf 83' lang='lat' dir='ltr'>aut</span> 
     </span>
     <span class='ocr_line' id='line_1_19' title="bbox 243 2182 932 2271; baseline 0.003 -27"><span class='ocrx_word' id='word_1_115' title='bbox 243 2182 378 2255; x_wconf 54' lang='lat' dir='ltr'>desidet:</span> <span class='ocrx_word' id='word_1_116' title='bbox 398 2206 450 2244; x_wconf 81' lang='lat' dir='ltr'>non</span> <span class='ocrx_word' id='word_1_117' title='bbox 472 2187 548 2245; x_wconf 89' lang='lat' dir='ltr'>enim</span> <span class='ocrx_word' id='word_1_118' title='bbox 570 2184 681 2268; x_wconf 86' lang='lat' dir='ltr'>semper</span> <span class='ocrx_word' id='word_1_119' title='bbox 701 2190 735 2271; x_wconf 82' lang='lat' dir='ltr'>est</span> <span class='ocrx_word' id='word_1_120' title='bbox 754 2189 784 2248; x_wconf 90' lang='lat' dir='ltr'>in</span> <span class='ocrx_word' id='word_1_121' title='bbox 804 2185 932 2271; x_wconf 79' lang='lat' dir='ltr'>potestate</span> 
     </span>
     <span class='ocr_line' id='line_1_20' title="bbox 243 2287 931 2375; baseline 0.004 -22"><span class='ocrx_word' id='word_1_122' title='bbox 243 2290 359 2353; x_wconf 75' lang='lat' dir='ltr'>dominis</span> <span class='ocrx_word' id='word_1_123' title='bbox 380 2292 428 2352; x_wconf 81' lang='lat' dir='ltr'>via</span> <span class='ocrx_word' id='word_1_124' title='bbox 450 2287 507 2375; x_wconf 77' lang='lat' dir='ltr'>ejus</span> <span class='ocrx_word' id='word_1_125' title='bbox 538 2290 619 2373; x_wconf 88' lang='lat' dir='ltr'>(Jet.</span> <span class='ocrx_word' id='word_1_126' title='bbox 640 2313 662 2351; x_wconf 86' lang='lat' dir='ltr'><strong><em>x</em></strong></span> <span class='ocrx_word' id='word_1_127' title='bbox 673 2337 685 2364; x_wconf 93' lang='lat'><em>,</em></span> <span class='ocrx_word' id='word_1_128' title='bbox 706 2291 765 2374; x_wconf 80' lang='lat'>23)</span> <span class='ocrx_word' id='word_1_129' title='bbox 783 2316 796 2366; x_wconf 88' lang='grc'>,·</span> <span class='ocrx_word' id='word_1_130' title='bbox 814 2293 864 2355; x_wconf 84' lang='lat' dir='ltr'>sed</span> <span class='ocrx_word' id='word_1_131' title='bbox 882 2290 931 2355; x_wconf 75' lang='lat' dir='ltr'>Dei</span> 
     </span>
     <span class='ocr_line' id='line_1_21' title="bbox 243 2392 931 2478; baseline 0.006 -22"><span class='ocrx_word' id='word_1_132' title='bbox 243 2392 286 2456; x_wconf 85' lang='lat' dir='ltr'>est</span> <span class='ocrx_word' id='word_1_133' title='bbox 312 2395 379 2456; x_wconf 86' lang='lat' dir='ltr'>dare</span> <span class='ocrx_word' id='word_1_134' title='bbox 406 2397 438 2458; x_wconf 78' lang='grc' dir='ltr'>δι</span> <span class='ocrx_word' id='word_1_135' title='bbox 464 2393 631 2470; x_wconf 86' lang='lat' dir='ltr'>consolari,</span> <span class='ocrx_word' id='word_1_136' title='bbox 652 2397 766 2478; x_wconf 84' lang='lat' dir='ltr'>quando</span> <span class='ocrx_word' id='word_1_137' title='bbox 794 2399 883 2473; x_wconf 85' lang='lat' dir='ltr'>vult,</span> <span class='ocrx_word' id='word_1_138' title='bbox 906 2397 931 2460; x_wconf 90' lang='lat'>&amp;</span> 
     </span>
     <span class='ocr_line' id='line_1_22' title="bbox 244 2499 932 2586; baseline 0.009 -26"><span class='ocrx_word' id='word_1_139' title='bbox 244 2517 383 2583; x_wconf 81' lang='lat' dir='ltr'>quantum</span> <span class='ocrx_word' id='word_1_140' title='bbox 402 2499 485 2573; x_wconf 76' lang='lat' dir='ltr'>vult,</span> <span class='ocrx_word' id='word_1_141' title='bbox 505 2501 538 2561; x_wconf 72' lang='grc' dir='ltr'>δι</span> <span class='ocrx_word' id='word_1_142' title='bbox 554 2503 600 2561; x_wconf 91' lang='lat' dir='ltr'>cui</span> <span class='ocrx_word' id='word_1_143' title='bbox 617 2502 700 2575; x_wconf 90' lang='lat' dir='ltr'>vult,</span> <span class='ocrx_word' id='word_1_144' title='bbox 720 2500 789 2564; x_wconf 88' lang='lat' dir='ltr'>ficut</span> <span class='ocrx_word' id='word_1_145' title='bbox 808 2503 862 2565; x_wconf 89' lang='lat' dir='ltr'>fibi</span> <span class='ocrx_word' id='word_1_146' title='bbox 878 2502 932 2586; x_wconf 74' lang='lat' dir='ltr'>plat</span> 
     </span>
     <span class='ocr_line' id='line_1_23' title="bbox 241 2605 931 2689; baseline 0.004 -23"><span class='ocrx_word' id='word_1_147' title='bbox 241 2606 331 2666; x_wconf 87' lang='lat' dir='ltr'>cuerit</span> <span class='ocrx_word' id='word_1_148' title='bbox 359 2607 392 2667; x_wconf 75' lang='grc' dir='ltr'>δι</span> <span class='ocrx_word' id='word_1_149' title='bbox 416 2624 476 2665; x_wconf 85' lang='lat' dir='ltr'>non</span> <span class='ocrx_word' id='word_1_150' title='bbox 502 2606 633 2688; x_wconf 72' lang='lat' dir='ltr'>amplius.</span> <span class='ocrx_word' id='word_1_151' title='bbox 659 2605 791 2689; x_wconf 86' lang='lat' dir='ltr'>Quidam</span> <span class='ocrx_word' id='word_1_152' title='bbox 815 2608 931 2678; x_wconf 61' lang='lat' dir='ltr'>incauti,v</span> 
     </span>
    </p>
   </div>
   <div class='ocr_carea' id='block_1_3' title="bbox 145 2709 929 2798">
    <p class='ocr_par' dir='ltr' id='par_1_4' title="bbox 145 2709 929 2798">
     <span class='ocr_line' id='line_1_24' title="bbox 145 2709 929 2798; baseline 0.003 -28"><span class='ocrx_word' id='word_1_153' title='bbox 145 2779 148 2784; x_wconf 22' lang='grc' dir='ltr'>ι</span> <span class='ocrx_word' id='word_1_154' title='bbox 239 2726 358 2795; x_wconf 87' lang='lat' dir='ltr'>propter</span> <span class='ocrx_word' id='word_1_155' title='bbox 382 2709 545 2772; x_wconf 83' lang='lat' dir='ltr'>devotionis</span> <span class='ocrx_word' id='word_1_156' title='bbox 569 2715 709 2797; x_wconf 49' lang='lat' dir='ltr'>gratiam„</span> <span class='ocrx_word' id='word_1_157' title='bbox 730 2714 757 2777; x_wconf 88' lang='lat' dir='ltr'>se</span> <span class='ocrx_word' id='word_1_158' title='bbox 781 2714 858 2798; x_wconf 91' lang='lat' dir='ltr'>ipsos</span> <span class='ocrx_word' id='word_1_159' title='bbox 879 2709 929 2775; x_wconf 87' lang='lat' dir='ltr'>des·</span> 
     </span>
    </p>
   </div>
   <div class='ocr_carea' id='block_1_4' title="bbox 240 2816 929 2906">
    <p class='ocr_par' dir='ltr' id='par_1_5' title="bbox 240 2816 929 2906">
     <span class='ocr_line' id='line_1_25' title="bbox 240 2816 929 2906; baseline 0.009 -25"><span class='ocrx_word' id='word_1_160' title='bbox 240 2830 385 2882; x_wconf 73' lang='lat' dir='ltr'>mixemot</span> <span class='ocrx_word' id='word_1_161' title='bbox 397 2838 411 2895; x_wconf 69' lang='lat'>3</span> <span class='ocrx_word' id='word_1_162' title='bbox 421 2816 487 2903; x_wconf 79' lang='lat' dir='ltr'>quia</span> <span class='ocrx_word' id='word_1_163' title='bbox 501 2816 566 2902; x_wconf 68' lang='lat' dir='ltr'>plut</span> <span class='ocrx_word' id='word_1_164' title='bbox 583 2839 667 2906; x_wconf 77' lang='lat' dir='ltr'>agere</span> <span class='ocrx_word' id='word_1_165' title='bbox 684 2820 838 2886; x_wconf 84' lang='lat' dir='ltr'>voluenmt</span> <span class='ocrx_word' id='word_1_166' title='bbox 852 2835 929 2905; x_wconf 70' lang='lat' dir='ltr'>qum</span> 
     </span>
    </p>
   </div>
   <div class='ocr_carea' id='block_1_5' title="bbox 0 0 968 3646">
    <p class='ocr_par' dir='ltr' id='par_1_6' title="bbox 0 0 968 3646">
     <span class='ocr_line' id='line_1_26' title="bbox 0 0 968 3646; baseline 0 2"><span class='ocrx_word' id='word_1_167' title='bbox 0 0 968 3646; x_wconf 95' lang='lat' dir='ltr'> </span> 
     </span>
    </p>
   </div>
  </div>
 </body>
</html>
