1926 3646
101 261 347 354 Lroenll.
380 267 574 378 Cluuii.
638 294 713 380 ¹¹5

29 412 255 477 mortificationis.
282 415 412 479 Ambula
439 416 489 477 ubi
520 418 596 490 vis,
625 435 721 498 quaere

29 518 219 603 quodcumque
234 521 361 585 volueris
378 544 388 597 3
405 523 437 585 &
454 543 515 585 non
531 521 659 583 invenies
676 519 720 580 al·

28 626 116 686 liorem
143 629 233 687 uiam
260 624 343 708 supra
365 648 419 689 nec
446 625 616 689 securiorem
640 625 721 689 viam

29 728 105 805 insrt‘,
123 729 183 791 nisi
200 732 282 797 viam
303 730 403 793 sanllae
423 733 521 793 cmcis.
541 729 673 812 Dispone
686 731 720 792 &

29 833 113 895 ordina
134 839 244 901 omnia
260 834 413 896 secundum
431 835 608 897 tuumvelle
624 837 658 897 ὃ(
675 835 724 896 vi·

31 936 104 1000 deret
129 941 172 1003 &
187 959 251 999 non
270 940 400 1001 invenies
417 938 471 1003 nisi
489 939 600 1019 semper
619 935 726 1018 aliquid

31 1046 75 1126 pati
93 1046 213 1107 debere
238 1063 287 1106 aut
308 1045 406 1127 sponte
430 1062 477 1106 aut
496 1045 587 1111 invite
597 1087 609 1117 ‚
628 1046 663 1109 &
686 1046 725 1105 itt

31 1169 130 1211 trucem
148 1149 265 1231 semper
283 1151 410 1209 invenies
425 1170 436 1223 3
454 1168 502 1209 aut
516 1150 594 1210 enirn
609 1150 639 1209 in
657 1170 725 1210 cor·

34 1273 90 1332 pore
111 1254 250 1315 dolorem
269 1251 390 1324 senties,
410 1270 458 1315 aut
478 1255 509 1314 in
527 1253 624 1316 animi
641 1252 723 1337 spiri·

33 1354 68 1418 uls
83 1359 299 1419 tribulationem
320 1355 471 1419 sustinebis.

66 1478 92 1536 4.
108 1462 259 1524 Interdum
276 1461 294 1523 i
314 1461 383 1525 Deo
407 1460 604 1544 relinqueris,
631 1464 722 1524 inter·

36 1561 92 1624 dum
119 1566 138 1627 l
165 1567 302 1648 proximo
329 1543 558 1640 exercitamur,
585 1569 618 1630 &
645 1565 723 1647 quod

39 1669 143 1744 amplius
164 1668 226 1744 est,
244 1668 318 1752 sape
336 1670 449 1729 tibimet
467 1667 520 1749 ipsi
541 1672 635 1752 gravis
653 1670 724 1730 eris:

38 1792 82 1833 uec
102 1791 200 1837 tamen
221 1775 318 1857 aliquo
340 1774 467 1836 remedio
493 1773 542 1834 vel
564 1772 664 1837 solatio
689 1773 727 1835 li·

40 1875 121 1939 berari
151 1878 198 1942 seu
228 1880 355 1942 alleviari
383 1881 522 1961 poteris,
550 1876 600 1939 sed
631 1878 725 1956 donee

41 1979 112 2044 Deus
134 1985 257 2047 voluerit
280 2000 396 2066 oportet
420 2001 451 2042 ut
477 1980 609 2043 sustineas
629 2004 640 2057 3
662 1983 726 2045 vult

43 2088 109 2149 uim
130 2091 243 2163 Deus,
266 2106 299 2151 ut
325 2088 536 2150 tribulationem
564 2086 623 2147 sine
650 2107 727 2149 con-

45 2188 166 2257 solatione
190 2197 252 2278 pati
279 2193 397 2269 diseas,
420 2197 453 2258 δι
476 2211 509 2255 ut
531 2194 572 2254 illi
602 2194 727 2257 totaliter

47 2310 71 2354 te
89 2297 240 2380 subjicias,
264 2302 297 2363 &
323 2299 458 2359 humilior
486 2319 523 2357 ex
548 2297 729 2360 tribulatione

48 2397 96 2463 fias.
112 2405 208 2466 Nemo
229 2407 269 2465 ita
289 2402 450 2465 cordialiter
468 2400 550 2462 sentit
570 2399 728 2482 passionem

47 2501 235 2584 Cultum,
255 2505 325 2568 srcut
345 2509 369 2568 is
390 2507 435 2592 eui
455 2506 606 2590 contigerit
627 2503 728 2569 similia
818 2577 825 2583 ‚

47 2611 101 2688 Ρῑῐὶ
116 2612 197 2676 Crux
217 2633 287 2696 ergo
307 2612 417 2695 semper
435 2626 534 2695 parata
551 2610 594 2674 est
612 2614 644 2674 δι
660 2612 728 2673 ubi-

48 2729 91 2792 que
107 2733 135 2778 te
157 2715 307 2801 exspoliat.
324 2718 392 2780 Non
415 2735 497 2801 potes
520 2715 643 2799 effugere
661 2715 731 2774 ubi-

49 2834 154 2905 cunque
165 2824 328 2886 -cucurteris
347 2843 358 2899 3
376 2824 466 2905 quia,
484 2804 655 2901 ubicumque
672 2836 730 2879 ve·
