1926 3646
240 299 296 383 94
354 292 427 351 DE
445 269 575 354 Irtrr.
598 266 838 356 CHRJSTJ.

237 420 398 503 respexeris.
418 419 458 483 Si.
471 420 523 481 tibi
550 422 582 483 &
606 419 683 483 Deo
706 421 840 484 totaliter
860 419 945 483 inten-¹

236 526 302 598 dis,
320 526 468 588 modicum
484 542 513 586 te
531 526 669 587 movebit
691 527 777 609 quod
799 526 868 587 foris
886 547 945 608 per-

237 632 320 712 cipis.
338 630 399 692 Ubi
417 651 468 704 es,
480 630 595 712 quando
609 631 666 690 tibi
681 630 738 713 ipsi
758 630 880 714 praesens
894 650 943 692 non

231 728 269 795 ⁸es
286 736 344 798 i&
363 735 478 817 quando
498 738 597 796 omnia
615 735 809 818 percurristi,
825 736 909 818 quid,
919 752 942 795 te

238 839 369 923 neglesio
387 883 397 913 ‚
414 837 558 922 profecisti
576 838 587 900 ἓ
604 838 637 901 si
658 839 753 901 debes
774 839 881 901 habere
896 861 941 921 pe·

237 965 305 1005 cern
322 947 356 1007 &
371 948 510 1006 unionem
525 965 652 1017 veram,
670 962 795 1028 oportet
812 944 889 1028 quod
902 961 940 1004 to-

237 1064 301 1111 tum
327 1049 420 1111 adhuc
445 1048 632 1131 postponas,
658 1053 695 1115 &
722 1069 755 1113 te
778 1049 869 1112 solum
890 1067 937 1132 prae

238 1153 329 1215 oculis
348 1153 488 1214 habere·

280 1277 307 1340 3.
327 1257 452 1319 Multum
475 1258 597 1340 proinde
621 1260 786 1343 proficies,
809 1259 831 1320 fi
853 1274 879 1320 te
897 1255 934 1317 se·

237 1365 340 1422 riatum
359 1363 396 1423 ab
417 1365 499 1424 omni
515 1366 672 1447 temporali
693 1366 765 1427 curi
785 1364 932 1427 conserves:

237 1467 322 1531 valde
342 1466 457 1529 deficies
478 1467 527 1543 ,si
549 1469 659 1551 aliquid
676 1469 843 1555 temporale
859 1486 931 1550 repu-

236 1572 351 1636 taveris.
372 1571 422 1634 Nil
442 1594 601 1655 magnum,
620 1576 666 1636 nil
687 1577 804 1650 astum,
823 1573 862 1634 nil
879 1591 933 1655 gra·

235 1692 299 1739 tum
311 1723 321 1752 ,
334 1678 374 1738 nil
391 1695 540 1760 acceptum
560 1679 612 1739 tibi
631 1678 669 1741 stt
679 1725 690 1755 ‚
701 1679 758 1741 nisi
778 1680 849 1763 pure
863 1676 930 1741 Deus

103 1776 106 1781 ’
236 1799 286 1843 aut
311 1782 347 1842 de
375 1782 445 1844 Deo
472 1782 518 1844 srt.
536 1782 647 1844 Totum
676 1806 793 1848 vammr
819 1780 929 1846 existima

234 1884 375 1967 quidquid
389 1885 603 1948 consolationis
632 1893 762 1952 occurrit
789 1890 826 1950 de
850 1879 929 1966 aliqui

237 1991 376 2053 creaturi.
402 1991 514 2054 Amans
541 1993 641 2055 Deum
668 1997 771 2057 anima
795 1993 844 2055 sub
870 1988 928 2052 Deo

236 2094 356 2174 despicit
380 2096 519 2155 universa.
546 2096 630 2158 Solus
655 2098 742 2162 Deus
768 2092 926 2161 aternus&

236 2196 411 2270 immensus,
436 2199 558 2282 implens
578 2203 702 2280 omnia,
722 2204 852 2268 solatium
870 2196 925 2261 mli·¹

238 2324 317 2379 mae,
333 2305 367 2370 ὃ(
384 2323 454 2368 vera
474 2305 568 2368 cordis
585 2306 692 2370 letitia.

511 2570 659 2673 w
