1978 3644
210 266 262 345 62
323 284 389 371 Dc
406 252 538 341 Iun.
564 254 789 338 Curetum.

208 429 226 464 a
246 406 323 468 Ecce
341 427 428 488 quarn
447 406 557 467 bonam
573 406 665 468 vitam
679 405 727 467 ille
743 405 844 466 homo
862 405 924 466 ha-

207 537 226 572 n
246 512 315 572 betl
333 533 421 594 quam
438 512 518 576 dives
533 512 540 572 l
556 532 644 594 quarn
662 531 781 595 magnus
797 511 807 571 l
823 532 920 594 quam

207 640 225 676 rr
246 633 349 699 potens
376 619 409 680 δι
429 615 549 679 excelsus
569 617 577 678 1
600 641 623 676 rr
644 615 708 678 'set
729 616 853 677 attende
879 614 923 678 acl

206 720 331 783 coelestia
348 723 426 782 bonu
441 745 454 798 3
470 725 503 785 ὃ(
517 722 628 784 videbis
645 718 725 804 quocl
739 724 847 783 omnia
864 721 920 783 ista

205 828 377 910 temporalia
388 827 468 889 nulla
484 826 544 889 sunt
553 873 564 901 ,
580 826 629 888 sed
645 828 731 890 valde
747 828 866 889 incerta
884 831 920 891 &

206 937 299 1017 magis
319 936 488 1018 gravantia,
507 936 574 1017 quie
591 954 737 1017 nunquam
758 932 822 994 fine
843 932 920 994 soli·
980 988 981 1023 3

207 1038 331 1100 titudine
343 1043 376 1104 δι
391 1041 496 1101 timore
508 1039 691 1121 postidentur.
709 1038 779 1100 Non
794 1037 842 1100 est
858 1038 920 1099 lto-
980 1092 981 1128 p

208 1146 293 1223 minis
313 1143 430 1204 felicitas
449 1143 554 1204 habere
573 1142 743 1224 temporalia
760 1142 797 1203 ad
815 1145 919 1205 abun-

175 1296 179 1311 ,
208 1247 335 1309 damiam
352 1270 362 1324 ;
381 1245 429 1309 sed
449 1245 548 1309 sufficit
568 1250 594 1308 ei
610 1248 804 1310 mediocritas.
828 1249 918 1311 Vere
980 1320 981 1323 Ἴ

207 1350 318 1414 miseria
343 1352 384 1414 est
408 1354 508 1416 vivere
530 1353 616 1436 super
641 1370 756 1416 terram.
783 1351 917 1435 Quanto

207 1459 298 1519 homo
316 1459 439 1521 voluerit
457 1456 512 1521 esse
530 1457 716 1541 spiritualior,
733 1474 815 1519 tanto
835 1481 920 1541 prae‘

208 1562 268 1625 sens
286 1565 348 1627 vita
362 1562 396 1629 fit
414 1567 440 1625 ei
458 1565 604 1639 amarior,
621 1566 689 1646 quia
706 1562 788 1624 sentit
806 1563 916 1625 melius

208 1671 241 1733 δὲ
262 1670 343 1733 videt
362 1670 464 1731 clarius
484 1670 617 1732 humanae
639 1669 833 1751 corruptionis
862 1667 916 1728 de-

207 1773 305 1837 fellus.
324 1775 401 1836 Nam
425 1775 598 1850 comedere,
620 1774 742 1849 bibere,
767 1773 915 1857 vigilare,

206 1879 361 1950 dormire,
379 1877 520 1961 quiescere
541 1922 550 1954 ,
572 1879 733 1954 laborare,
754 1879 787 1941 &
808 1880 912 1941 ceteris

206 1982 412 2046 neceffitatibus
435 1982 728 2065 naturae'subjacere,
750 1986 822 2045 vere
847 2006 915 2046 rna·

206 2074 263 2176 gna
283 2089 395 2150 miseria
411 2089 451 2150 est
468 2093 500 2152 &
513 2088 627 2151 afflisiio
646 2091 758 2153 homini
775 2090 913 2163 devoto,

207 2197 256 2278 qui
270 2193 392 2254 libenter
406 2191 474 2256 esset
487 2194 627 2257 absolutus
642 2198 676 2261 δι
690 2196 761 2257 liber
770 2194 808 2257 ab
826 2195 914 2257 omni

206 2317 340 2385 peccator

250 2428 277 2488 3.
298 2407 394 2471 Valde
418 2408 496 2471 enirn
520 2425 653 2493 gravatur
676 2407 795 2470 interior
814 2405 908 2468 homo

206 2512 413 2575 necessitatibus
438 2516 632 2597 corporalibus
654 2515 685 2574 in
708 2514 766 2574 hoc
781 2511 909 2574 mundos

208 2618 294 2680 Unde
313 2618 456 2700 Propheta
472 2620 577 2683 devote
596 2636 699 2705 rogat,
716 2607 854 2702 quatenus
871 2616 907 2678 li-

210 2726 261 2786 ber
272 2724 308 2785 ab
327 2723 384 2784 istis
403 2724 457 2787 esse
468 2726 584 2802 valeat,
602 2728 698 2787 dicens
714 2730 780 2787 :De
797 2722 903 2804 neceffi·

210 2812 312 2892 tutibus
331 2831 394 2891 meis
416 2854 474 2892 erue
495 2855 556 2903 me,
575 2834 704 2893 Domine.
721 2829 787 2915 (Ps.
813 2831 908 2899 xxivy
