1978 3644
31 180 33 251 i
166 220 339 307 Lruuu
360 221 392 305 Ι.
425 220 550 306 Cur.
570 220 653 328 xxj..
714 227 765 305 61

76 371 136 431 ideo
156 369 253 454 frigidi
274 374 308 434 ὃ(
326 369 413 433 valde
433 372 506 453 pigri
524 391 715 432 remanemus.

109 475 137 536 6.
158 474 246 558 Saepe
272 474 315 537 est
338 477 437 557 inopia
457 473 588 557 spirirds,
608 474 685 536 unde
710 491 771 536 tam

73 582 170 642 leviter
200 582 385 664 conqueritur
411 579 545 641 miserum
574 602 687 663 corpus.
708 579 773 642 Ora

72 687 149 768 igitur
175 686 328 748 humiliter
351 686 387 747 ad
411 685 574 747 Dominum
596 702 629 745 ut
653 685 701 746 det
722 684 775 745 ribi

72 792 306 873 compundiiouis
328 791 476 874 spiritum,
494 794 528 853 &
549 791 596 850 dic
616 811 682 850 cum
703 789 777 850 Pro·

72 896 157 977 phetd
178 918 188 958 ε
211 899 281 959 ciba
304 919 363 970 me,
386 899 528 964 Domine,
549 915 618 974 pane
643 895 777 975 iacryma-

72 1023 149 1075 mm,
168 1001 201 1061 δ’
216 1018 313 1082 potum
331 1002 367 1060 da
383 1002 449 1060 midi
467 1001 496 1060 in
513 998 641 1078 lacrymis
659 999 688 1058 in
707 1019 778 1057 men·
902 1064 907 1071 ,

70 1106 130 1186 furti
151 1104 225 1188 (Pfi
244 1105 346 1176 lxxix,
365 1104 419 1187 6).

91 1232 756 1309 Q=QQ===o

196 1374 455 1448 CAPUT
503 1372 661 1448 XXII.

103 1538 155 1607 Dc
182 1533 430 1637 confiderarionc
449 1535 595 1604 humano
617 1535 755 1627 miseria.

89 1668 198 1786 LM
210 1740 223 1782 1
235 1740 250 1783 s
264 1740 283 1782 u
298 1738 321 1782 a
348 1721 422 1796 eris,
446 1721 616 1801 ubicumque
642 1717 726 1779 fueris
748 1717 781 1781 dt

87 1847 260 1909 quocumque
285 1843 314 1888 re
337 1828 476 1900 verteris,
495 1824 547 1884 nisr
571 1825 609 1886 ad
631 1823 782 1886 Deumre

92 1949 243 1992 convertas.
260 1931 344 2013 Quid
362 1932 482 1990 turbaris
496 1973 506 2002 ‚
527 1931 593 2008 quia
609 1948 670 1987 non
688 1927 784 1986 sueco-

91 2036 129 2096 dit
141 2037 191 2098 tibi
206 2036 273 2098 sicut
288 2039 332 2097 vis
350 2038 383 2099 δι
400 2031 565 2095 desideras?
582 2030 659 2112 Quis
677 2029 718 2091 est
735 2032 784 2111 qui

91 2141 170 2204 habet
189 2143 290 2205 omnia
308 2140 461 2201 secuudum
481 2139 560 2200 suam
581 2133 784 2200 voluntatem?

94 2267 141 2310 nec
156 2270 230 2332 ego,
246 2263 365 2320 necto,
384 2267 438 2306 nec
456 2245 555 2325 aliquis
571 2243 723 2303 homiuum
737 2239 785 2302 su·
906 2246 908 2249 ’

94 2373 142 2433 per
158 2372 272 2415 terram.
292 2352 391 2413 Nemo
410 2348 450 2410 est
470 2351 501 2408 in
519 2347 627 2408 mundo
649 2345 708 2405 sure
730 2346 785 2406 ali-

93 2460 142 2539 qua
157 2459 339 2521 tribulatione
357 2455 406 2517 vei
427 2451 569 2536 augustii,
588 2453 717 2535 quamvis
734 2472 784 2513 rex

91 2560 122 2624 fit
138 2565 187 2626 vel
210 2586 297 2647 papa.
319 2561 394 2641 Quis
420 2557 459 2619 est
481 2561 528 2640 qui
551 2558 652 2619 melius
672 2553 786 2618 habet?

92 2670 180 2752 utique
204 2670 255 2750 qui
276 2687 329 2748 pro
348 2664 416 2726 Deo
438 2663 544 2744 aliquid
564 2664 623 2745 pati
639 2661 726 2722 valet

127 2795 156 2835 2.
177 2774 292 2836 Dicunt
318 2769 397 2830 multi
421 2767 576 2830 imbeciiles
601 2769 634 2831 ὅ(
658 2761 786 2824 infirmi:
