1978 3644
186 251 238 332 32
300 247 367 302 ns
388 219 520 307 IMJT.
545 224 765 315 Cnnrsrt.
820 290 825 294 -
892 292 897 301 ,

182 367 344 451 profestum
360 390 420 430 non
435 370 617 432 accendimur
630 395 640 433 .·
654 372 721 434 ideo
737 371 851 456 frigidi
871 374 917 437 δί

183 474 272 557 tepidi
292 496 482 569 remanemus.
549 557 554 563 .

226 600 253 662 3.
272 579 303 641 Si
321 578 439 641 essemus
455 581 622 665 nobisipsis
639 581 762 665 perfeiie
777 583 916 645 mortui

183 687 217 748 &
229 686 346 746 interius
357 687 476 747 minime
489 687 647 770 implicati,
661 706 728 749 tunt
740 686 913 771 poliemus

184 793 271 851 etiam
290 791 387 851 divina
407 789 504 873 sapere
523 792 607 854 &de
627 792 734 854 coelesti
752 810 911 854 contem·

184 890 311 978 piatione
331 895 439 978 aliquid
457 898 595 978 experiri..
607 894 719 958 Totum
739 897 771 959 δι
789 899 906 957 maxi-

184 1021 267 1062 mum
289 1001 527 1083 impedimentum
549 1001 610 1071 est,
628 1003 696 1080 quia
714 1022 773 1061 non
792 999 906 1062 sumus

186 1105 393 1188 iipaffionibus
411 1107 443 1166 δι
461 1088 693 1184 concupiscentiis
711 1104 813 1178 liberi,
835 1120 905 1168 nec'

185 1207 340 1292 persediam
357 1207 524 1270 Samiorum
539 1209 620 1268 viam
636 1229 775 1268 conamur
790 1210 906 1291 ingre-

186 1313 225 1374 di.
240 1312 369 1394 Quando
384 1315 471 1374 etiam
482 1312 629 1379 modicum
641 1311 818 1382 adversitatis
834 1336 900 1374 oe-

125 1418 127 1423 '
185 1419 291 1490 currit,
305 1420 389 1477 nimis
406 1420 464 1479 cito
480 1416 629 1497 dejicimur
645 1418 677 1479 &
694 1416 732 1478 ad
747 1416 900 1479 humanas

186 1521 394 1587 consolationes
413 1527 618 1585 convertimur.

185 1662 192 1695 ;
228 1648 258 1703 4.
278 1627 308 1690 Si
329 1631 504 1703 niteremur,
521 1628 590 1689 ficut
607 1630 665 1691 viri
685 1628 795 1703 fortes,
815 1628 897 1690 stare

186 1732 220 1793 in
234 1733 338 1814 proelio
349 1755 359 1806 ;
372 1733 503 1814 prosedb
522 1735 655 1813 auxilium
667 1735 791 1795 Domini
808 1733 895 1816 supet

186 1856 241 1894 nos
257 1834 419 1895 videremus
435 1834 471 1896 de
487 1837 564 1896 coelo
581 1835 663 1916 :ipse
680 1837 757 1895 enim
775 1853 894 1896 certan-

186 1956 229 2001 res
252 1939 284 2000 &
307 1937 342 2001 de
364 1936 411 2000 sut
433 1941 523 2023 gratia
545 1927 686 2023 sperantes
712 1957 825 2022 paratus
849 1940 893 2002 est
976 1926 977 1929 Ἴ

184 2042 339 2124 adjuvare,
352 2044 401 2123 qui·
410 2043 493 2104 nobis
507 2044 633 2105 cenandi
646 2043 809 2105 occasiones
822 2066 892 2125 pro·
976 2070 977 2073 ¹

186 2163 312 2210 curatur
329 2148 486 2207 vincamus.
505 2146 538 2207 Si
553 2165 664 2208 tantum
682 2150 714 2208 in
730 2146 786 2208 istis
807 2150 891 2210 exte-

186 2253 308 2316 rioribus
339 2250 523 2314 observantiis
552 2254 712 2336 profertum
745 2255 888 2338 religionis

186 2363 321 2443 ponimus
333 2403 343 2433 ,
354 2359 411 2419 cito
424 2356 513 2420 finem
526 2358 641 2420 habebit
654 2360 773 2423 devotio
787 2358 887 2421 nostra.

187 2464 245 2528 Sed
261 2465 298 2524 ad
312 2465 438 2525 radicem
453 2462 570 2525 securim
586 2486 745 2546 ponamus,
756 2481 806 2538 ut,
821 2487 885 2546 pun·

189 2571 247 2654 gari
263 2569 281 2628 ὲ
295 2566 469 2651 pastionibus
480 2612 495 2642 ,
509 2566 661 2650 pacificam
679 2586 805 2631 mentem
822 2569 887 2652 pos-

190 2675 338 2736 sideamus.
976 2658 977 2665 ἵ

236 2800 264 2868 5.
283 2779 313 2845 Si
328 2781 409 2862 omni
429 2799 507 2861 anno
522 2801 611 2852 unum
627 2782 730 2846 vitium
750 2778 882 2863 exstirpa-
