1946 3634
115 226 277 377 ·Lrnen
294 283 366 376 111.
385 287 495 376 Cre.
514 288 595 375 xlv.
643 310 721 402 ²33

43 433 118 501 vara
137 458 203 523 ergo
229 441 294 524 spes
313 424 344 500 in
368 440 532 502 hominibus
549 460 561 514 ·,
580 437 650 500 salus
670 460 727 499 au·

42 558 92 603 tem
108 540 244 622 justorum
262 549 295 606 in
313 563 361 620 te,
378 544 469 606 Deus.
486 543 651 606 Benedittus
668 542 705 603 iis
713 586 726 615 ,

42 643 181 722 Domine,
197 649 284 710 Deus
299 670 396 724 meus,
410 651 441 709 in
458 648 589 710 omnibus
605 670 667 730 quae
679 665 728 708 ac·

38 750 125 812 tidunt
144 752 231 812 nobis
251 754 259 812 i
279 753 387 815 infirmi
407 753 500 815 sumus
518 754 551 816 &
564 750 726 826 instabiles,

36 853 86 914 tito
106 854 232 915 fallimur
250 859 284 918 &
301 877 504 941 permutamur.
534 856 537 862 ’

75 979 104 1019 2.
125 958 202 1040 Quis
219 959 259 1020 est
274 961 390 1036 homo,
408 965 456 1044 qui
474 963 514 1022 ita
532 960 613 1022 caute
628 963 660 1024 &
678 961 730 1021 eir·

39 1060 193 1146 tumspetie
217 1066 248 1124 in
269 1067 401 1127 omnibus
423 1065 450 1128 se
471 1065 611 1127 custodire
634 1066 732 1139 valet,

41 1185 65 1228 ut
84 1168 239 1250 aliquando
262 1173 292 1230 in
316 1172 440 1254 aliquam
462 1172 661 1253 deceptionem
680 1170 731 1233 uel

42 1272 247 1356 perplexitatem
268 1289 327 1338 non
345 1278 441 1338 veniat
459 1278 472 1340 ἓ
489 1276 546 1338 Sed
564 1280 611 1359 qui
627 1279 657 1336 in
676 1292 725 1350 te,

43 1374 191 1454 Domine,
220 1381 338 1443 confidit
365 1403 398 1443 uc
425 1379 546 1464 simplici
576 1403 612 1443 ex
639 1382 726 1443 corde

46 1485 149 1562 querit,
168 1506 229 1547 non
248 1503 310 1549 tarn
331 1485 413 1547 facile
436 1487 537 1546 labitur
558 1508 565 1546 t
587 1485 620 1547 &
640 1485 662 1546 sr
683 1487 729 1546 in-

46 1586 130 1649 ciderit
144 1592 173 1649 in
191 1592 320 1674 aliquam
337 1590 574 1662 tribulationem,
590 1608 732 1669 quocum-

47 1709 92 1769 que
113 1695 200 1756 modo
225 1695 314 1757 fuerit
339 1697 424 1756 etiarn
450 1695 631 1776 implicatus,
650 1693 731 1754 citius

48 1812 90 1871 per
103 1812 129 1857 te
147 1819 258 1863 eruetur
279 1818 326 1863 aut
347 1801 365 1861 i
382 1817 411 1862 te
430 1797 619 1861 consolabitur
636 1819 647 1873 ;
664 1800 731 1880 quia

49 1910 73 1955 tu
90 1919 143 1962 non
170 1903 283 1968 deseres
303 1908 334 1966 in
358 1922 386 1966 te
409 1904 569 1986 sperantem
591 1900 730 1983 usquein

50 1995 132 2065 finem·
146 2006 235 2070 Rarus
252 2008 327 2070 fidus
346 2010 471 2078 amicus,
490 2010 522 2065 in
539 2004 644 2065 eunetis
667 2023 733 2086 per·

51 2100 162 2172 severatis
179 2117 267 2177 amici
290 2111 417 2197 pressuris
434 2135 444 2187 ;
463 2129 512 2186 tu,
531 2109 681 2185 Domine,
701 2125 731 2171 tu

52 2206 112 2274 solus
127 2236 153 2277 es
170 2218 369 2281 fideliffimus
362 2241 391 2279 m
410 2217 562 2291 omnibus,
581 2219 613 2280 &
630 2228 733 2298 praeter

51 2325 74 2372 te
88 2337 141 2380 non
157 2321 196 2385 est
215 2326 288 2386 alter
303 2322 377 2383 talis.

86 2439 111 2500 3
129 2424 180 2489 0¹.
172 2450 286 2512 ‚quam
301 2427 375 2488 bene
391 2425 480 2508 sapuit
498 2422 591 2485 santia
606 2422 654 2484 illa
671 2423 734 2484 ani·

53 2540 94 2584 ¹1¹³
108 2528 157 2609 (S.
174 2533 314 2618 Agatha)
332 2553 395 2615 quae
408 2530 500 2605 dixit,
516 2533 597 2591 Mens
613 2551 670 2591 meo
683 2530 734 2610 so·-

54 2627 127 2693 Mota
142 2640 175 2718 est
192 2638 247 2698 6⁴
237 2661 266 2699 m
284 2639 384 2720 Christo
396 2635 515 2718 fiendam
531 2638 543 2696 i
561 2632 614 2696 Si
607 2652 646 2696 ita
657 2653 733 2713 ame·

54 2749 110 2795 cum
124 2738 215 2817 soret,
232 2764 292 2804 non
305 2758 369 2803 tam
387 2740 470 2801 facile
488 2742 575 2801 timor
592 2740 733 2799 humanus

55 2851 94 2900 ne
108 2837 272 2925 soltcttrer,
284 2866 339 2911 nec
353 2840 613 2926 verborum-jacula
626 2856 737 2903 move-
