1978 3644
214 321 269 401 26
327 308 549 396 uelim.
571 311 793 397 Cunrsrr.

209 464 259 531 sed
276 462 367 545 magis
389 464 418 522 in
439 460 499 523 Dei
519 460 629 544 gratid,
649 461 696 542 qui
717 458 837 540 adjuvat
858 460 928 525 hu*

209 570 293 635 miles
310 572 342 633 &
359 568 394 628 de
411 568 438 627 se
457 566 655 649 praesumentes
671 568 811 629 humiliat.
853 594 859 601 ·

252 697 282 738 2.
302 675 348 737 Ne
365 674 493 758 glorieris
509 675 539 732 in
550 673 676 748 divitiis,
690 671 712 733 fi
726 671 826 734 adsunt
839 697 849 748 ;
864 695 926 736 nec

210 782 243 844 in
259 782 378 854 amicis,
391 782 458 863 quia
474 796 605 862 potentes
621 776 683 839 sunt
693 801 704 853 ;
714 778 762 841 sed
779 781 810 839 in
823 779 926 855 Deo,

211 889 261 968 qui
279 888 378 947 omnia
397 884 506 969 praestat
518 885 592 947 &se
608 883 700 966 ipsum
716 883 797 966 super
814 887 928 947 omnia

212 989 281 1057 dare
300 991 449 1055 desrderat.
469 991 538 1052 Non
555 1007 584 1051 te
605 989 723 1052 extollas
742 988 778 1050 de
798 990 929 1073 magni-

211 1097 310 1160 tudine
326 1098 375 1158 vel
391 1095 598 1176 pulchritudine
611 1098 759 1175 corporis,
771 1116 838 1175 quae
852 1117 931 1158 mo-

213 1200 279 1260 dica
297 1197 460 1260 infirmitate
482 1200 723 1280 corrumpitur&
746 1196 931 1261 defoedatur.

214 1305 285 1375 Non
304 1304 417 1386 placeas
437 1303 489 1364 tibi
508 1301 561 1385 ipsr
580 1303 617 1363 de
638 1303 782 1364 habilitate
798 1320 851 1364 aut
872 1307 930 1365 in-

215 1411 301 1493 genio
324 1425 402 1481 tuo,
424 1429 461 1471 ue
486 1406 632 1489 displiceas
653 1408 752 1482 Deo,
775 1407 857 1487 cuius
884 1409 929 1473 est

214 1530 309 1574 totum
329 1512 466 1596 quidquid
485 1512 556 1574 boni
577 1514 738 1575 nanualiter
756 1513 905 1578 habueris.

259 1638 287 1700 3.
307 1618 376 1680 Non
403 1634 431 1679 te
453 1635 567 1700 reputes
595 1619 656 1678 aliis
685 1619 861 1694 meliorem,
888 1640 928 1681 ne

219 1723 295 1787 sorte
318 1745 419 1786 eoram
443 1723 513 1787 Deo
544 1723 668 1785 deterior
693 1725 848 1796 habearis,
875 1726 928 1808 qui

117 1870 121 1875 -
217 1829 269 1890 scit
285 1829 353 1909 quid
375 1827 415 1888 est
435 1830 464 1887 in
484 1829 612 1889 homine.
631 1829 700 1891 Non
721 1828 866 1911 superbias
890 1831 929 1892 de

218 1932 353 2016 operibus
368 1931 453 1995 bonis
466 1953 478 2007 3
491 1934 558 2017 quia
575 1933 655 1995 aliter
672 1931 732 1993 sunt
745 1930 853 2012 judicia
863 1935 929 1999 Dei

220 2059 309 2121 quam
334 2038 508 2110 hominum,
530 2041 576 2098 cui
599 2037 672 2120 saepe
694 2037 821 2119 displicet
843 2039 930 2122 quod

220 2140 386 2205 bominibus
400 2139 503 2221 placet.
514 2141 545 2202 si
561 2134 667 2223 aliquid
683 2140 752 2201 boni
771 2141 931 2219 habueris,

220 2246 309 2308 crede
327 2244 364 2307 de
382 2244 444 2306 aliia
461 2246 582 2306 meliora
599 2263 631 2306 ut
645 2247 832 2310 humilitatem
852 2272 930 2315 con-

222 2353 326 2417 serves.
337 2352 407 2417 Nou
419 2370 527 2427 nocet,
541 2352 708 2416 fiomnibus
719 2373 749 2416 te
765 2355 911 2438 supponas
915 2378 928 2431 3

222 2478 310 2523 notet
327 2478 422 2521 autem
439 2460 614 2543 plurimum,
634 2460 656 2520 sr
673 2461 722 2524 vel
741 2465 789 2522 uni
807 2478 835 2522 te
850 2484 928 2545 prae-

224 2587 327 2650 ponas.
344 2565 420 2649 Jugis
437 2587 495 2647 pax
511 2586 576 2626 cum
590 2566 689 2627 humili
701 2589 711 2642 ;
725 2569 754 2626 in
771 2567 859 2628 corde
874 2589 928 2637 au·⁴

223 2689 285 2744 tem
302 2671 412 2759 superbi
429 2672 504 2737 zelus
523 2675 556 2736 δι
572 2672 729 2756 indignatio
742 2672 886 2757 frequens·

505 2834 637 2920 dnm*
