1978 3644
135 272 366 360 Lmrnl.
398 274 631 387 Cinxvj.
679 288 744 389 '43

62 427 739 524 mmmmm*

172 595 432 670 CAPUT
480 597 624 672 XVI.

80 752 138 823 De
149 752 348 853 suffiremir
367 754 538 846 destituunt
561 757 710 828 aliorum.

55 881 151 1033 nQ
165 956 235 1000 ωε
251 939 343 999 homo
361 939 393 998 in
411 937 440 998 se
456 938 506 999 vel
522 939 554 997 in
572 938 632 999 aliis
651 959 752 1001 emen-

52 1041 108 1104 dtre
128 1064 202 1105 non
223 1043 323 1116 valet,
342 1042 428 1103 debet
444 1043 586 1124 patienter
603 1042 733 1107 intinere
742 1090 756 1119 ,
777 1075 781 1083 -

53 1146 138 1210 donec
160 1148 246 1209 Deus
267 1147 347 1207 aliter
364 1148 485 1209 ordinet.
504 1147 611 1232 Cogita
627 1152 701 1232 quia¹
714 1147 755 1210 stc

51 1249 118 1315 forte
137 1252 246 1315 melius
266 1250 306 1314 est
322 1274 375 1335 pro
392 1252 440 1313 tud
457 1253 629 1335 probatione
648 1257 681 1318 &
698 1278 751 1337 pa-

52 1358 144 1422 tientia
159 1403 172 1434 ,
188 1357 249 1419 fine
266 1358 322 1439 qud
340 1378 402 1419 non
417 1354 478 1419 sunt
488 1359 617 1420 multum
638 1361 751 1443 ponde-

52 1466 137 1527 tanda
158 1466 264 1527 merita
280 1461 384 1526 nostra.
401 1462 501 1525 Debes
518 1480 615 1527 tamen
635 1488 688 1549 pro
706 1482 753 1528 tae

54 1568 122 1631 libus
150 1569 364 1652 impedimentis
392 1567 582 1651 supplicate,
612 1587 644 1631 ut
669 1570 756 1637 Deus

55 1673 182 1759 dignetur
206 1674 259 1737 tibi
281 1671 430 1738 subvertite
456 1674 489 1737 δι
516 1673 604 1757 poffis
631 1673 757 1757 benigne

55 1795 181 1861 portare

94 1905 128 1947 2.
146 1884 268 1970 Siquis,
279 1883 367 1949 scmel
382 1902 430 1951 ant
442 1885 486 1949 bis
499 1884 681 1962 admonitus,
694 1906 756 1947 non
818 1914 823 1917 ·

56 1989 231 2074 armiescit,
246 1992 308 2054 noli
330 2012 398 2053 cmn
421 2012 457 2054 eo
478 1991 653 2054 contendere
675 2012 687 2066 3
709 1989 761 2052 sed

56 2112 150 2160 totum
170 2097 239 2160 Deo
271 2099 423 2162 committe
448 2143 459 2175 ,
489 2115 520 2161 ut
542 2097 595 2159 fiat
618 2099 756 2162 voluntas

58 2200 116 2283 ejus
138 2204 170 2266 δι
188 2204 284 2267 honor
306 2207 338 2279 in
357 2204 491 2267 omnibus
511 2203 598 2268 servis
616 2204 688 2281 suis,
706 2208 757 2289 qui

57 2306 108 2368 scit
122 2308 192 2370 bene
205 2311 283 2372 mala
298 2312 329 2370 in
345 2310 455 2372 bonum
471 2326 649 2370 convertere.
666 2309 757 2383 Stude

57 2414 165 2497 patiens
184 2413 239 2478 effe
264 2417 294 2476 in
315 2413 465 2476 tolerando
487 2414 608 2475 aliorum
633 2413 759 2476 defedius

56 2522 87 2585 δι
112 2520 330 2604 qualescumque
352 2518 529 2581 infirmitates
547 2563 558 2594 ‚
579 2520 645 2602 quia
668 2522 701 2583 &
723 2537 756 2583 tu

56 2626 140 2689 mtdta
160 2628 254 2689 habes
274 2646 338 2709 quae
357 2625 394 2687 ab
413 2626 475 2687 aliis
495 2641 614 2708 oportet
630 2625 757 2687 tolerari.

56 2730 157 2795 Sinon
176 2750 265 2817 potes
284 2748 313 2791 te
335 2731 422 2793 talem
445 2731 544 2793 facere·
555 2732 668 2813 qualem
687 2732 759 2803 vis„

56 2840 204 2919 quomodo
229 2838 340 2920 poteris
365 2838 454 2901 alium
480 2836 518 2898 ad
544 2853 624 2897 tuum
651 2834 761 2895 habere
