1950 3630
195 332 280 419 322
338 302 558 392 nulum.
581 306 806 397 Cnnmrt.

193 457 377 543 Expurgate
401 476 468 518 cum
490 457 611 540 primis,
634 455 736 539 exspue
758 456 904 521 velociter

190 584 361 635 venenum,
380 559 635 645 festina-accipere
658 563 849 638 remedium,
872 564 904 625 &

193 667 296 731 senties
312 668 412 729 melius
428 689 515 750 quam
532 665 553 727 fi
568 668 616 728 diu
635 666 780 728 distuleris.
800 667 834 729 Si
850 670 902 729 ho·

195 776 243 837 die
256 791 373 859 propter
384 772 456 835 istud
469 774 606 849 dimittis,
619 795 680 835 ctas
693 772 816 835 forsitan
829 772 904 835 aliutl

196 878 290 961 majus
308 881 422 943 eveniet
439 902 450 955 ;
470 883 504 943 &
522 877 561 942 stc
582 879 630 941 diu
652 878 745 963 polles
766 880 784 941 ὲ
805 880 903 944 Com·
962 904 963 911 ¹

196 991 336 1050 munione
361 986 493 1070 impediri
518 988 551 1050 &
579 988 670 1070 magis
692 988 808 1070 ineptus
834 986 904 1050 fieti.
962 974 964 1069 l

198 1092 322 1175 Quanto
348 1095 429 1155 citius
448 1092 550 1168 vales,
571 1091 589 1153 ὲ
611 1091 740 1175 ptaesenti
765 1095 904 1177 gravitate
963 1076 964 1119 i

198 1203 234 1265 &
250 1198 352 1263 inertia
367 1216 397 1260 te
417 1199 540 1263 excutias
560 1200 653 1281 ;quia
672 1199 743 1259 nihil
765 1200 903 1281 importat

197 1306 248 1366 diu
268 1307 399 1379 anxiari,
417 1305 465 1367 diu
490 1324 556 1389 cum
579 1303 741 1366 turbatione
765 1304 903 1381 transire,

198 1412 232 1474 &
250 1409 290 1470 ob
309 1409 475 1492 quotidiana
494 1407 639 1470 obstacula
657 1408 718 1470 seit
738 1409 841 1472 divinis
857 1409 900 1472 se·

199 1513 350 1600 questrare.
370 1515 441 1577 lmb·
456 1515 610 1598 plurimum
630 1533 717 1576 nocet
736 1515 787 1577 diu
808 1515 903 1579 Com*

105 1652 109 1657 ·
197 1625 370 1699 munionem
387 1620 551 1704 protelare,
566 1642 636 1681 nam
655 1624 687 1685 δι
706 1642 828 1705 gravem
845 1640 906 1683 tor·
964 1628 965 1679 1

199 1750 305 1813 potem
334 1726 480 1790 consuevit
507 1727 650 1789 inducere.
679 1726 756 1788 Proh
790 1728 905 1790 dolori

80 1826 83 1830 ⁴
197 1835 318 1917 quidam
335 1834 474 1917 tepidi&
490 1831 612 1895 diffoluti
632 1854 729 1894 moras
747 1831 904 1895 confitendi

199 1940 321 2001 libenter
343 1941 508 2021 accipiunt,
535 1938 568 2003 δι
595 1941 835 2001 communionem
861 1938 905 2001 sa·

200 2067 283 2106 cmm
302 2045 410 2106 idcirco
433 2042 539 2105 differri
559 2047 698 2128 cupiunt,
718 2065 756 2109 ne
779 2046 817 2107 ad
840 2067 906 2107 ma·

200 2147 295 2231 iorem
312 2148 351 2209 sui
369 2148 527 2209 custodiam
543 2148 572 2209 se
593 2150 660 2211 dare
682 2167 841 2213 teneanntr.
965 2166 966 2191 ¹

246 2273 273 2337 ς.
293 2252 360 2316 Heu
380 2253 389 2315 l
411 2274 497 2337 quam
525 2255 673 2318 modicam
697 2256 848 2318 caritatem
874 2257 905 2321 δι
965 2302 966 2347 4

202 2359 328 2422 debilem
359 2360 547 2424 devotionem
579 2361 686 2423 habent
718 2364 767 2443 qui
798 2360 904 2424 sacram
965 2350 966 2395 ³

203 2466 452 2530 Communionem
475 2484 536 2527 tam
563 2465 684 2528 faciliter
707 2467 905 2551 postponunt!

204 2570 307 2653 Quam
328 2572 396 2633 felix
415 2572 462 2633 ille
484 2571 524 2632 est
544 2575 576 2635 &
601 2572 670 2635 Deo
693 2590 830 2655 acceptus
851 2574 906 2636 ha·
965 2554 966 2649 i

204 2678 306 2752 betur,
322 2678 370 2759 qui
386 2675 424 2738 sic
443 2679 566 2740 vivit&
583 2680 612 2738 in
629 2677 678 2738 tali
694 2680 818 2760 puritate
836 2700 906 2742 con·

203 2782 350 2845 scientiam
365 2780 443 2844 sunm
455 2782 596 2858 custodit,
614 2799 643 2843 ut
660 2785 748 2845 etiam
760 2786 842 2845 omni
860 2784 904 2845 die

205 2890 418 2954 communicate
448 2905 561 2974 paratus
591 2892 623 2955 &
652 2889 726 2953 bene
760 2887 902 2953 affellanu
