1926 3646
134 293 373 382 hirmin.
406 294 527 382 Cir.
550 326 590 381 x.
656 325 733 407 ¹09

50 462 161 527 accepto
182 462 324 530 gratiam,
339 445 415 506 unde
435 444 544 527 semper
555 446 690 507 humilior
706 449 739 510 &

50 552 202 611 timoratior
221 552 353 610 inveniar
368 571 454 631 atque
473 551 510 609 ad
527 550 740 632 relinquendum

50 674 90 715 me
107 658 239 735 paratior
262 652 340 715 fiam.
360 653 471 715 Dottus
494 654 574 714 dono
593 657 688 737 gratiae
708 657 741 717 δι

51 759 164 819 traditus
183 758 378 819 subtristionis
393 759 535 832 verbere,
546 780 606 820 non
623 757 673 818 fibi
691 779 745 819 au-

51 863 117 924 debit
132 863 295 945 quidquam
309 863 380 924 boni
397 864 569 936 attribuere,
585 862 633 922 sed
650 864 745 943 potiit

52 966 260 1049 sepauperem
285 968 318 1030 δι
344 966 453 1026 nudum
480 962 668 1026 confitebimr.
695 966 746 1027 Da

52 1069 110 1134 Deo
132 1071 217 1153 quod
237 1070 296 1130 Dei
318 1067 381 1143 est,
401 1070 433 1131 &
452 1069 504 1129 ribi
524 1066 649 1128 adscribe
669 1069 747 1150 quod

53 1191 121 1236 turm
142 1173 188 1236 est
203 1196 213 1248 3
231 1174 288 1234 hoc
305 1171 363 1247 est,
378 1172 446 1234 Deo
464 1176 568 1257 gratias
584 1192 638 1254 pro
656 1172 746 1256 gratia

53 1280 155 1354 tribue,
177 1278 231 1339 tibi
253 1295 349 1339 autem
370 1276 421 1338 soli
440 1279 554 1360 cuipam
574 1279 606 1342 &
628 1279 744 1362 dignam

56 1404 164 1466 pteram
181 1406 238 1467 pro
259 1384 342 1466 culpi
363 1383 459 1444 deberi
475 1382 584 1445 sentias.

90 1511 119 1564 4.
134 1490 217 1552 Pone
233 1506 263 1549 te
282 1487 393 1570 semper
414 1488 451 1549 ad
470 1486 623 1563 infimum,
639 1490 672 1553 ἂ
689 1488 745 1549 da-

58 1592 121 1655 bitur
142 1595 199 1656 tibi
225 1592 364 1653 summum
383 1615 392 1667 ;
413 1612 482 1653 nam
512 1591 655 1653 summum
685 1612 748 1653 mm

60 1694 175 1759 ssatfine
190 1696 303 1759 infimo.
314 1697 434 1758 Summi
448 1694 545 1756 Siniti
559 1695 635 1777 apud
649 1694 749 1755 Deum

61 1804 160 1865 minimi
183 1802 246 1864 sunt
269 1801 345 1884 apud
368 1799 397 1860 se
416 1821 427 1874 3
451 1802 483 1862 &
504 1815 610 1881 quanto
637 1798 749 1883 glorio-

62 1903 160 1981 fiores,
175 1923 259 1970 tanto
280 1908 310 1966 in
328 1904 356 1966 se
374 1903 548 1965 humiliores.
569 1902 650 1963 Pleni
670 1905 752 1965 veri·

62 2023 116 2071 tate
131 2014 160 2074 &
176 2011 269 2096 gloriai
287 2007 414 2081 coelesti,
427 2027 488 2067 non
506 2005 567 2065 sunt
585 2027 668 2066 vanae
687 2006 754 2088 gio·

66 2116 107 2176 tie
123 2118 225 2199 cupidi.
243 2116 278 2177 In
299 2115 368 2177 Deo
386 2112 495 2175 fundati
514 2111 547 2173 δι
565 2108 729 2173 confirmati
739 2155 754 2183 ,
793 2095 796 2101 ²

67 2221 134 2282 nullo
150 2221 244 2284 modo
262 2217 374 2303 poffunt
397 2216 456 2280 effe
474 2217 541 2279 elati
558 2238 566 2277 z
583 2218 620 2280 δι
633 2217 681 2297 qui
703 2234 752 2278 to*-

68 2338 119 2385 tttm
138 2327 207 2388 Deo
233 2324 392 2387 adscribunt
413 2319 550 2402 quidquid
572 2319 643 2379 boni
667 2339 755 2381 acce·

70 2447 180 2509 prtmt,
191 2428 315 2514 gloriam
334 2427 516 2488 abinvicem
531 2442 590 2483 non
608 2436 754 2502 quaerunt3
816 2486 821 2496 ,

69 2529 108 2593 sed
126 2536 247 2618 gloriam
269 2552 333 2615 quae
354 2531 372 2593 i
393 2527 455 2591 solo
477 2527 546 2589 Deo
567 2524 607 2587 est
627 2525 754 2599 volunt,

68 2638 209 2701 &Deum
227 2642 258 2699 itt
274 2639 303 2699 se
318 2641 351 2701 &
366 2639 396 2696 in
413 2634 546 2696 amitibus
565 2631 677 2695 sintii
691 2631 757 2690 lau·

69 2740 122 2802 &ri
141 2744 223 2826 super
248 2745 347 2804 omnia
365 2743 482 2822 cupiunt
500 2783 511 2813 ,
531 2741 567 2804 δι
588 2736 702 2817 semper
723 2732 757 2794 'm

69 2844 181 2930 idipsum
199 2846 327 2911 tmdamt-
420 2844 424 2851 ’
507 2876 510 2885 ·
622 2857 627 2869 ’
653 2852 657 2861 ’
