1978 3644
232 308 284 388 68
347 328 419 407 pe
436 296 567 389 lim.
590 296 819 390 Crinisu-

229 454 281 514 bus'
312 451 505 534 proficiendi,
529 477 611 516 amor
636 456 792 540 disciplinae
815 501 826 531 ,
854 457 939 519 labor

228 560 425 641 poenitentiae,
446 561 642 643 promptitudo
663 562 865 633 obedientiae,
888 563 937 622 ab·

228 666 344 747 negatio
365 663 432 739 sui,
454 667 486 728 δι
506 664 680 747 supportatio
706 663 862 745 cujuslibet
886 665 937 724 ad-

229 767 367 828 versitatis
382 791 435 850 pro
454 791 554 830 amore
568 770 714 833 Cflmsn,
734 769 835 836 Multa
859 771 937 830 bone

228 891 310 955 potes
333 877 446 956 operari
466 875 534 934 dum
552 873 631 934 sanus
654 897 683 936 es
703 897 713 949 ς
731 873 781 934 sed
800 873 936 936 infirma·
976 894 977 899 ’

228 996 292 1052 tus,
310 979 403 1041 nescio
424 981 492 1062 quid
510 984 626 1061 poteris.
647 981 733 1041 Pauci
745 1001 792 1052 <ex
813 981 936 1042 infirmi-
976 990 977 1003 ¹

228 1101 286 1144 tate
304 1085 511 1156 meliorantur,
531 1084 568 1144 fic
587 1089 619 1146 &
637 1087 684 1165 qui
699 1085 826 1147 multum
846 1106 932 1169 pere-

228 1192 373 1271 grinantur
392 1210 456 1248 raro
473 1186 687 1248 santiificantur.

273 1312 298 1376 5.
319 1293 389 1354 Noli
409 1291 553 1355 confidete
574 1292 655 1375 super
676 1294 786 1356 amicos
806 1296 842 1358 &
863 1318 931 1379 pto·

227 1400 342 1472 nimos,
362 1420 415 1459 nec
434 1401 464 1458 in
485 1398 607 1458 firmium
626 1415 705 1460 tuam
719 1398 848 1481 differas⁴
859 1401 932 1462 salu-

221 1518 309 1579 ¹tem;
330 1506 397 1586 qnia
415 1504 495 1565 cirins
517 1504 716 1565 obliviscentur
741 1508 782 1564 tui
799 1506 930 1567 homines

229 1630 317 1692 quam
337 1609 466 1670 aestimer.
484 1604 590 1669 Melius
607 1608 648 1669 est
666 1629 742 1671 nunc
760 1608 930 1693 tempestive

226 1715 380 1797 providere
392 1715 540 1797 &aliquid
553 1714 623 1774 honi
639 1717 814 1797 praemittere
822 1726 929 1798 ,quam

227 1817 311 1900 super
340 1820 460 1880 aliorum
485 1819 590 1879 auxilio
614 1819 733 1901 sperare.
758 1819 791 1881 Si
817 1841 878 1880 non
902 1839 929 1879 es

226 1943 282 2006 pto
303 1940 331 1982 te
351 1921 412 2005 ipso
435 1921 556 1984 solicitus
577 1922 690 1997 modo,
708 1925 771 2005 quis
791 1926 846 1986 erit
863 1923 927 1984 soli·

226 2029 298 2089 citus
319 2050 373 2110 pro
394 2045 423 2088 te
443 2029 473 2089 in
496 2028 589 2091 futuro
609 2028 620 2088 i
643 2027 728 2090 Nunc
750 2046 868 2112 tempus
891 2024 928 2087 est

227 2131 314 2193 valde
333 2132 485 2212 pretiosum
505 2154 515 2206 ;
535 2156 593 2193 ecce
614 2155 684 2194 nunc
708 2153 811 2216 tempus
833 2154 928 2215 accep·

222 2239 331 2317 tabile,
355 2259 413 2297 ecce
429 2259 499 2301 nunc
521 2241 578 2298 dies
591 2239 691 2319 salutis
713 2239 773 2321 (ll.
788 2238 862 2302 Cor.
878 2236 925 2320 η’,

227 2346 267 2416 2)
282 2364 291 2401 ι
308 2340 356 2402 sed
374 2342 447 2425 proh
467 2341 551 2404 dolor
569 2343 666 2426 lqnod
680 2346 736 2405 hoc
753 2346 850 2406 utilibs
868 2363 924 2403 non

226 2447 379 2528 expendis,
390 2450 421 2507 in
429 2469 485 2530 quo
497 2451 655 2531 promereri
662 2449 740 2513 vales
755 2451 832 2510 unde
846 2465 923 2508 aeter-

226 2551 329 2610 naliter
349 2554 458 2614 vivas!
478 2553 585 2613 Veniet
607 2554 722 2636 qnando
742 2577 831 2616 unam
850 2554 922 2614 dien

228 2652 274 2715 seu
296 2654 399 2716 horam
426 2677 480 2738 pto
507 2659 708 2720 emendatione
732 2658 920 2730 defiderabis,

229 2760 262 2823 &
279 2757 374 2823 nescio
392 2781 429 2821 an
448 2762 623 2843 impetrabis.

270 2863 298 2927 6.
319 2865 395 2940 Eia,
418 2862 590 2955 cinffime,
610 2867 646 2933 de
671 2883 777 2952 quanto
797 2863 919 2952 periculo
