1926 3646
152 250 391 337 Lirenll.
418 252 538 338 Crr.
558 285 599 338 v.
667 280 720 366 93

30 407 711 501 ‹Qssfflmm

196 567 452 642 CAPUT
502 573 547 642 V.

120 727 190 795 Dc
208 727 341 820 proprisi
360 726 615 823 confideretione.

30 852 151 972 tNo
162 927 189 977 Ν
210 908 355 990 possumus
373 911 455 987 nobis
473 909 541 992 ipsis
558 913 643 973 nimis
663 934 727 974 cre·

27 1010 98 1084 dere,
121 1015 203 1094 quia
222 1012 295 1095 saepe
311 1016 402 1096 gratia
421 1015 505 1075 nobis
526 1013 650 1079 deest&
668 1015 731 1077 sen-

29 1112 68 1178 stt.
84 1118 253 1178 Modicum
274 1117 370 1178 lumen
392 1116 432 1178 est
448 1120 489 1178 in
497 1119 602 1194 nobis,
622 1122 654 1183 &
669 1121 728 1182 hoc

29 1220 74 1280 cto
105 1243 162 1304 pet
206 1221 408 1311 negligentiam
440 1225 603 1286 amittimus.
642 1224 725 1310 Saepe

31 1323 105 1385 etiam
124 1347 193 1387 non
215 1326 388 1391 advertimus
408 1327 485 1410 quod
507 1347 567 1393 tam
588 1331 657 1390 caeci
676 1331 727 1390 in·

32 1442 68 1489 tn
89 1429 196 1493 sumus.
221 1429 304 1514 Saepe
331 1432 407 1495 male
427 1433 562 1516 agimus,
588 1435 621 1496 δι
644 1433 725 1517 pejits

35 1531 197 1598 excusamus.
223 1534 352 1597 Paffione
382 1538 522 1598 interdum
549 1559 726 1612 movemur,

37 1637 164 1701 &telum
183 1656 326 1727 putamus.
342 1640 477 1702 Parvain
491 1641 552 1699 aliis
569 1641 728 1723 reprehen-

37 1739 137 1818 dimus,
150 1749 186 1808 &
205 1744 300 1808 nostra
320 1742 436 1829 majora,
448 1743 658 1828 pertranfisnus.
674 1744 729 1807 Sa·

38 1845 67 1909 ns
91 1850 146 1911 cito
172 1849 307 1917 sentimus
328 1850 572 1934 &ponderamus
598 1850 667 1933 quid
681 1851 727 1912 ‘ab

39 1951 94 2011 aliis
107 1953 290 2030 sustinemus,
305 1954 354 2016 sed
371 1971 509 2037 quantum
526 1955 573 2019 alii
592 1954 629 2017 de
644 1955 729 2015 nobis

43 2052 158 2122 fidiinent
190 2083 253 2139 non
281 2060 463 2129 advertimus.
499 2056 561 2138 Qui
588 2059 662 2120 bene
696 2062 728 2125 δι

44 2160 106 2229 redi
125 2165 173 2227 sua
191 2166 392 2250 ponderaret,
415 2185 475 2227 non
497 2161 564 2225 effet
587 2164 666 2247 quod
691 2165 731 2241 de

46 2264 94 2327 alio
110 2274 230 2352 graviter
248 2270 393 2351 judicaret.

80 2391 106 2434 2.
122 2375 250 2438 lnternus
267 2376 360 2436 horno
382 2372 525 2455 suiipsius
545 2392 643 2433 curam
665 2392 733 2447 οηιι·

49 2474 115 2538 nibus
133 2483 206 2545 curis
228 2479 377 2562 anteponit
394 2500 404 2552 ;
424 2479 456 2540 &
475 2478 523 2559 qui
543 2475 594 2538 fibi
613 2475 666 2560 ipsi
685 2478 733 2547 dis

48 2575 148 2661 igenter
173 2584 328 2658 intendit,
351 2564 470 2653 faciliter
493 2582 529 2646 de
556 2583 618 2643 aliis
644 2600 730 2649 tacet.

50 2678 189 2770 Nrnquam
217 2691 273 2749 eris
300 2689 422 2750 internus
448 2690 480 2751 δι
509 2687 654 2759 devonia,
676 2686 731 2748 nist

52 2784 79 2851 dt
93 2793 188 2861 alienis
204 2792 311 2861 filueris
326 2795 358 2861 &
375 2794 411 2859 ad
421 2808 450 2857 te
465 2791 557 2881 ipsum
574 2789 733 2895 speciaiiten
