1978 3644
79 330 82 335 ’
167 300 391 390 errltI.
424 303 547 390 Car.
566 307 644 413 xxij
705 312 755 418 65

69 447 172 512 Merito
196 473 264 536 ergo
285 452 434 536 nosipsos
454 452 602 514 humiliare
618 450 761 535 possumus

70 577 263 640 necunquam
282 558 389 640 aliquid
408 560 505 642 magni
524 558 559 619 de
578 558 660 619 nobis
679 557 763 619 senti·

69 682 118 735 re,
137 665 209 745 quia
235 681 295 724 tam
317 663 430 746 fragiles
449 667 482 726 &
503 662 643 723 instabiles
662 662 764 724 sumus.

69 765 129 830 Cito
147 772 239 830 etiam
256 766 349 851 potest
361 768 460 850 perdi,
477 790 529 851 per
540 769 741 853 negligentiam
753 813 765 844 ‚

69 873 139 955 quod
162 875 258 934 multo
277 874 377 936 labore
393 874 443 935 vix
462 870 581 935 tandem
601 872 765 955 acquisitum

67 975 100 1037 est
118 1000 180 1061 per
202 980 333 1060 gratiam.

99 1103 129 1163 7.
157 1082 247 1162 Quid
270 1082 319 1143 fiet
346 1084 382 1143 de
409 1083 492 1144 nobis
518 1083 610 1145 adhuc
630 1083 660 1143 in
684 1082 768 1160 fine,

69 1191 110 1269 qui
131 1187 304 1270 tepescimus
316 1204 382 1251 ‚tam
403 1210 486 1250 mane
506 1188 518 1249 ?
538 1189 593 1251 Vae
613 1188 721 1262 nobis,
742 1187 764 1249 si

71 1290 103 1353 fic
128 1294 267 1354 volumus
297 1293 438 1355 declinare
469 1294 505 1356 ad
534 1296 657 1378 quietem
685 1293 763 1378 quasi

71 1395 124 1477 jam
149 1422 206 1481 pax
233 1397 267 1458 fit
292 1400 323 1460 &
349 1398 504 1473 securitas,
530 1422 616 1483 quum
641 1401 764 1465 necdum

72 1522 203 1584 appareat
214 1502 365 1587 vestigium
383 1526 460 1567 verae
477 1504 624 1567 sanetitatis
641 1508 672 1565 in
688 1527 763 1566 corr·

75 1608 225 1671 versatione
252 1608 348 1671 nostri
366 1611 375 1669 Ξ
394 1610 472 1673 Bene
491 1632 563 1692 opus
592 1608 658 1670 esset
685 1609 766 1689 quod

77 1710 173 1773 iterum
194 1712 394 1776 instrueremur
411 1732 549 1796 tanquam
569 1713 641 1773 boni
664 1713 767 1773 novitii

77 1817 113 1876 ad
133 1839 223 1880 mores
247 1822 396 1903 optimos,
416 1818 438 1879 fi
459 1819 532 1881 forte
554 1817 616 1901 spes
640 1815 708 1881 effet
729 1818 765 1880 de

80 1921 170 2003 miqui
184 1926 273 1988 futura
292 1926 493 1994 emendatione
509 1927 543 1994 &
564 1923 669 2008 majori
685 1923 765 2007 spiri-

78 2025 144 2088 tuali
158 2029 289 2113 profesta.

359 2322 480 2653 ‘fir
