1978 3644
201 308 255 395 30
313 276 779 363 mlum-cmm.

195 447 257 497 tam
282 428 402 489 libenter
423 428 596 510 loquimur,
618 429 685 510 quia
709 448 760 511 pet
783 444 917 497 mutuat

195 537 377 617 loquutiones
388 535 561 597 abinvicem
572 532 712 595 consolari
724 536 891 616 quaeritnus
902 579 917 611 ,

195 645 230 706 &
244 664 295 702 cot
309 639 426 704 diversis
442 640 660 725 cogitationibus
674 639 830 725 fatigatum
850 664 915 725 op-

194 764 290 810 tamus
307 748 445 811 relevare.
460 747 501 809 Et
519 746 640 813 multum
658 747 779 807 libenter
798 746 841 809 de
864 747 917 809 his

197 875 262 937 quae
286 856 409 919 multum
433 851 574 936 diligimus
598 851 646 912 vel
671 853 831 934 cupimus,
858 853 916 915 vel

198 981 262 1042 quae
284 961 373 1021 nobis
391 960 533 1025 contraria
554 956 710 1033 sentimus,
725 957 796 1021 libet
821 958 915 1040 loqui

198 1069 232 1131 &
255 1069 392 1148 cogitare.

241 1192 269 1233 2.
291 1169 370 1242 Sed,
391 1167 465 1251 proh
486 1168 572 1230 dolor
593 1168 603 1228 1
624 1166 697 1257 saepe
719 1169 847 1231 inaniter
876 1171 915 1235 δι
980 1183 982 1186 ’

148 1328 155 1340 e
199 1274 298 1337 frustra
316 1299 323 1337 :
343 1297 413 1337 nam
434 1274 497 1336 haec
521 1274 644 1335 exterior
668 1271 830 1336 consolatio
857 1276 922 1341 in-‚

75 1399 82 1411 “
198 1383 309 1469 tetiotis
328 1376 483 1445 &divinae
502 1378 703 1441 consolationis
720 1400 780 1440 non
798 1382 915 1445 modi-

200 1509 266 1549 cum
287 1487 489 1547 detrimentum
506 1484 556 1547 est.
572 1485 643 1546 Ideo
661 1484 845 1570 vigilandum
867 1485 915 1548 est

201 1594 234 1654 &
257 1591 425 1666 orandum,
448 1613 486 1652 ne
510 1609 622 1673 tempus
648 1588 741 1653 otiose
767 1590 910 1656 transeat.

197 1695 228 1759 Si
245 1697 324 1780 loqui
342 1698 408 1760 licet
426 1698 458 1759 &
478 1697 613 1780 expedit,
636 1718 699 1779 quae
720 1695 908 1759 aedificabilia

199 1799 260 1860 sunt
275 1803 403 1883 loquere.
419 1803 514 1862 Malus
525 1802 586 1862 usus
598 1805 630 1865 &
641 1803 813 1884 negligentia
823 1824 913 1885 pro·
945 1854 948 1867 .

198 1903 288 1965 fenus
307 1904 415 1977 nostri,
433 1905 554 1966 multum
570 1904 639 1965 facit
655 1906 693 1965 ad
709 1905 907 1969 incustodiatn

199 2008 367 2074 otisnostri.
378 2010 464 2073 Juvat
477 2027 579 2075 tamen·
589 2032 655 2074 non·
664 2032 765 2094 parum
779 2012 816 2072 ad
829 2036 913 2094 pro·

200 2115 305 2179 festum
323 2114 493 2196 spiritualem
515 2115 622 2177 devota
642 2114 826 2198 spiritualium
851 2140 906 2180 re-

200 2240 264 2282 rum
280 2219 419 2294 collatio,
433 2221 560 2286 maxime
577 2220 626 2281 ubi
642 2243 725 2303 pares
745 2223 845 2284 animo
869 2225 912 2289 &-

195 2324 294 2408 spiritu
312 2326 343 2389 in
359 2325 430 2391 Deo
447 2325 500 2389 fibi
517 2325 669 2391 sociantur.

458 2605 638 2732 ffi

458 2731 635 2749 *ια-οε*-
