1978 3644
222 225 279 305 80
336 246 410 301 nn
425 217 555 304 Imr.
572 222 812 330 Consu.

218 382 270 426 tur.
287 365 444 449 Religiosus
458 383 536 427 extra
552 365 738 448 disciplinam
749 368 857 428 vivens
868 385 928 449 gra·

217 472 249 533 vi
271 473 357 530 ruinae
377 488 464 552 patet.
486 470 548 551 Qui
568 471 683 533 laxiora
705 472 812 554 quaerit
828 473 861 536 δι
881 491 927 531 re-

216 573 343 637 miffiora
362 619 373 649 ,
395 574 506 658 sempe'r
531 579 561 636 in
587 575 725 660 angustiis
752 578 808 637 erit
830 598 841 652 3
865 575 928 658 quia

216 701 305 742 unum
320 697 370 742 aut
383 681 524 763 reliquum
539 680 591 741 fibi
606 680 783 764 displicebit.

258 786 287 846 8.
309 784 472 865 Quomodo
491 785 597 847 faciunt
614 802 678 847 tarn
696 787 783 848 multi
802 787 851 846 alii
868 785 927 846 Re-
964 830 967 885 p

217 891 312 974 ligiosi
328 935 337 965 ,
356 894 404 972 qui
424 889 487 950 satis
511 890 607 950 arslati
625 890 690 951 sunt
711 891 764 951 sub
782 889 926 972 disciplinai
967 954 968 957 Ἴ

217 993 357 1056 claustrali
374 995 386 1056 ἓ
406 994 485 1057 Raro
502 1012 623 1071 exeunt,
642 994 788 1056 abstradd
805 996 926 1066 vivunt,

217 1100 398 1183 pauperrimd
424 1099 599 1171 comedunt,
621 1098 721 1180 grossd
747 1098 925 1170 vestiuntur,
969 1164 970 1173 χ

160 1200 166 1209 ’
218 1204 341 1263 multum
363 1201 523 1277 laborant,
549 1223 650 1283 parurn
675 1202 860 1284 loquuntur,
882 1202 924 1262 diu

218 1308 364 1390 vigilant,
385 1307 494 1366 maturd
519 1305 653 1390 surgunt,
678 1310 831 1369 orationes
856 1328 924 1389 pro-

217 1412 357 1494 longant,
378 1411 539 1494 frequenter
555 1412 674 1495 legunt,
693 1416 728 1475 &
750 1411 780 1473 se
798 1416 829 1472 in
846 1412 923 1473 omni
972 1482 973 1485 Ἰ

216 1514 363 1597 disciplina
378 1515 547 1576 custodiunt.
556 1516 683 1578 Attende
702 1514 923 1585 carthusienses,

216 1620 422 1695 cistersienses,
444 1626 478 1687 &
502 1623 619 1685 diversae
641 1624 792 1707 religionis
819 1643 921 1685 mona-

217 1727 288 1789 chos
311 1749 345 1788 ac
364 1728 527 1800 moniales,
544 1729 663 1810 qualiter
680 1732 766 1790 omni
785 1728 870 1790 nosle
888 1723 922 1785 ad

216 1829 395 1914 psallendum
408 1824 541 1892 Domino
558 1830 721 1914 assurgunt:
736 1836 771 1895 ὃ(
783 1833 850 1893 ideo
866 1848 921 1891 tut·

219 1954 256 2016 pe
275 1931 342 1994 esset
359 1950 390 1994 ut
408 1952 438 1994 tu
459 1934 577 1996 deberes
594 1938 624 1994 in
640 1951 703 1996 tam
720 1935 818 1997 saneto
837 1952 920 2018 opere

216 2039 370 2120 pigritare,
381 2040 430 2099 ubi
446 2056 524 2101 tanta
541 2039 693 2102 multitudo
712 2038 918 2124 Religiosorum

216 2139 317 2223 incipit
334 2142 403 2202 Deo
411 2128 546 2222 iubilate.

258 2266 288 2328 9.
309 2244 341 2307 O
362 2246 370 2305 l
390 2244 412 2306 fi
434 2247 504 2308 nihil
526 2248 603 2310 aliud
623 2249 790 2314 faciendum
809 2252 920 2310 incum-

216 2350 317 2426 beret,
334 2349 386 2411 nisr
408 2350 572 2414 Dominum
590 2354 690 2417 Deum
708 2356 839 2418 nostrum
858 2369 916 2414 toto

216 2455 305 2515 corde
322 2458 354 2518 dt
374 2476 424 2517 ore
444 2457 559 2519 laudare
572 2459 582 2519 l
597 2461 642 2520 o!
662 2459 683 2520 si
704 2482 853 2543 nunquam
869 2460 914 2516 in·

217 2556 328 2640 digeres
345 2558 514 2636 comedere,
531 2584 584 2623 nec
601 2564 719 2637 bibere,
736 2586 792 2626 nec
809 2560 916 2623 dormi·

218 2683 249 2723 re
265 2683 275 2736 ;
294 2660 342 2721 sed
359 2660 470 2745 semper
495 2664 588 2747 posses
609 2667 707 2729 Deum
729 2668 866 2739 laudare,
884 2664 914 2724 &

218 2764 400 2830 solummodo
436 2767 621 2852 spiritualibus
652 2771 749 2835 studiis
780 2764 916 2839 vacatel
