1976 3630
206 295 290 407 326
347 315 414 373 na
429 283 563 375 Irnrr.
585 284 734 375 Cirrata
747 300 813 375 rt:

205 443 248 528 (L
264 441 335 509 Cor.
351 438 428 523 xiij,
450 441 515 524 ιο).
534 438 649 503 cessabit
664 439 724 503 usus
742 439 905 504 sacramen&

158 624 163 636 ι
203 563 299 611 torum
319 592 329 623 ‚
349 550 416 631 quia
438 547 519 609 Beati
544 549 573 607 in
601 546 693 631 gloria
716 544 823 610 coelesti
846 568 904 609 non

203 670 290 739 egent
316 651 509 715 medicamine
538 652 732 715 sacramentali
756 653 903 738 :gaudent

204 761 283 822 enirn
303 758 361 820 stne
380 757 438 821 fine
459 761 489 820 in
509 758 657 842 praesentia
676 759 759 835 Del,
777 759 851 822 facie
870 757 907 821 al,
973 786 974 805 ι

204 861 311 927 faciem
326 865 448 949 gloriam
466 864 524 946 ejus
542 864 716 949 speculantes
728 887 738 941 ;
752 867 785 929 &
798 865 834 927 de
850 865 905 926 cla·

205 972 289 1034 ritate
308 974 338 1033 in
358 972 516 1035 claritatem
537 969 670 1055 abyssalis
689 972 801 1034 deitatis
820 988 905 1033 trans·

204 1074 323 1140 formati
335 1124 348 1151 ,
366 1076 477 1162 gustant
497 1078 610 1163 Verbum
629 1077 689 1140 Dei
709 1100 773 1140 caro
786 1076 906 1161 satiem,

205 1181 360 1266 (soanj,
383 1183 437 1268 r4)
457 1182 527 1246 sicut
544 1181 596 1246 fuit
615 1183 652 1245 ab
668 1185 751 1248 initio
769 1186 906 1249 &manet

205 1288 241 1350 in
259 1305 405 1352 aetemum.

249 1413 278 1476 3.
304 1395 432 1458 Memori
459 1395 565 1458 horum
592 1396 768 1459 mirabilium
791 1440 802 1472 ,
823 1415 900 1481 grave

207 1499 280 1562 milri
301 1498 334 1561 tit
351 1501 468 1562 taedium
491 1503 578 1563 etiam
603 1503 751 1586 quodlibet
774 1502 907 1586 spirimale

207 1605 339 1670 solatium
351 1630 361 1683 ;
373 1604 461 1691 quia,
481 1630 568 1691 quam
578 1609 629 1671 diu
638 1609 803 1675 Dominum
816 1630 907 1671 meum

208 1714 307 1797 aperte
323 1716 354 1774 in
372 1713 420 1776 sua
437 1714 529 1798 glorii
550 1736 611 1778 non
624 1714 735 1788 video,
747 1737 803 1798 pro
823 1716 908 1778 nihilo

208 1819 284 1883 duco
308 1842 396 1882 omne
420 1821 500 1903 quod
525 1823 555 1882 in
577 1822 687 1884 mundo
714 1822 911 1906 conspicio&

209 1926 306 1989 audio.
333 1924 428 1989 Testis
456 1948 485 1988 es
515 1944 546 1990 tu
575 1928 675 2005 mihi,
698 1928 780 1993 Deus
803 1974 814 2004 ‚
838 1928 914 2013 quod·

208 2030 286 2092 nulla
305 2051 350 2092 res
368 2052 417 2092 me
438 2030 534 2117 potest
552 2032 713 2109 consolati,
735 2035 813 2097 nulla
831 2056 911 2097 crea·

208 2151 272 2196 tura
292 2137 440 2218 quietare,
458 2137 585 2214 tisim,
603 2139 687 2219 Deua
706 2161 808 2215 meus,
828 2158 910 2225 quem

209 2238 341 2301 desidero
363 2242 533 2305 aeternaliter
554 2247 752 2330 contemplati.
773 2242 833 2308 Sed
855 2265 910 2310 non
974 2232 975 2283 3

210 2344 252 2408 est
266 2347 324 2408 hoc
343 2345 497 2431 poffihile,
515 2349 633 2413 durante
652 2350 746 2414 mein
761 2351 817 2414 haic
833 2374 909 2414 mor·

211 2453 319 2515 talitate
341 2473 349 2514 τ
369 2452 437 2515 ideo
458 2472 595 2536 oportet,
614 2473 645 2518 ut
670 2477 719 2520 me
740 2479 853 2541 ponam
876 2455 910 2519 arl

211 2576 348 2639 magnam
364 2560 550 2643 patientiam,
565 2564 598 2624 δι
613 2583 662 2624 me
681 2563 773 2646 ipsum
790 2566 820 2625 in
834 2564 911 2626 omni

213 2660 352 2724 desiderio
380 2661 432 2725 tibi
459 2664 630 2730 submittam.
659 2668 738 2731 Nam
764 2672 797 2735 δι
820 2666 910 2732 Sanffl

211 2769 280 2842 tui,
305 2767 468 2859 Domine,
491 2775 539 2854 qui
564 2790 659 2835 tecum
683 2772 744 2855 jam
767 2777 797 2837 in
825 2795 908 2859 tegno

212 2870 353 2940 coelorum
383 2872 549 2955 exsultant,
577 2881 607 2940 in
634 2877 690 2943 side
717 2881 750 2946 δι
778 2878 909 2965 patientia
