1946 3634
205 271 286 369 με
347 256 808 353 οεΙΜιῑ.,ΰηιυηι.

184 437 254 480 -mo
270 416 373 498 repleri
390 416 493 489 bono,
510 413 636 476 sednon
652 431 735 496 potes
753 412 813 475 boc
832 409 903 475 nffea

203 523 252 603 qui
275 520 375 583 modo.
395 521 459 605 Ego
483 518 544 580 sum
561 540 572 594 ·,
592 517 719 600 exspesta
743 538 815 593 me,
837 517 903 579 dicit

202 624 481 700 Dominus,‚donec
497 606 597 687 veniat
616 636 734 706 regnum
752 621 823 684 Dei.

244 752 274 806 4.
294 730 460 793 Probandus
481 751 513 791 es
538 728 630 791 adhuc
656 730 685 791 in
709 728 792 790 terris
817 729 850 791 δι
873 726 907 790 in

204 836 300 900 multis
322 835 525 897 exercitandus.
544 832 713 896 Consolatio
737 833 792 897 tibi
815 834 901 893 inter·

205 942 277 1003 dum
295 941 424 1015 dabitur,
435 938 484 1001 sed
497 938 614 1022 copiosa
630 937 739 1005 satietas
755 958 818 1000 non
834 957 902 999 ron·
959 954 962 1025 ³4

207 1047 333 1110 cedetur·
358 1044 513 1126 confortare
533 1046 643 1128 igitur,
667 1043 765 1126 &esto
788 1045 901 1127 robustus
961 1042 962 1113 ἶ

207 1149 308 1233 (Josu.
318 1147 358 1232 j,
375 1147 420 1230 6)
441 1150 550 1210 tamin
568 1146 680 1233 agendo
697 1168 785 1230 quam
806 1149 837 1208 in
854 1168 903 1230 pa·
962 1158 963 1229 l

205 1252 305 1315 tiendo
322 1268 429 1314 neturae
445 1255 595 1315 contraria.
610 1250 737 1335 Oportet
752 1266 781 1313 te
797 1270 904 1314 novum

207 1358 324 1421 induere
350 1346 529 1433 bominem,
551 1360 584 1420 &
610 1358 641 1418 in
667 1357 787 1420 alterum
813 1359 903 1420 virum
963 1346 964 1351 ἵ

207 1464 321 1528 mutari
340 1460 468 1547 Oportet
488 1478 517 1525 te
540 1461 613 1546 serpe
635 1482 721 1547 ogere
746 1464 826 1546 quod
847 1484 903 1525 non
964 1484 965 1503 ¹

209 1573 276 1646 vis,
293 1572 326 1635 &
341 1569 421 1654 quod
437 1571 482 1631 vis
503 1586 618 1652 oportet
633 1570 799 1653 relinquere.
817 1568 904 1651 Quod

204 1677 273 1738 ullis
295 1675 389 1758 placet
411 1672 570 1760 processum
589 1674 734 1750 habebit,
757 1674 837 1759 quod
857 1675 906 1736 tibi

211 1780 307 1863 placet
329 1780 402 1842 ultra
423 1801 483 1844 non
504 1777 635 1862 proficiet
652 1802 664 1857 ;
686 1780 766 1862 quod
791 1780 840 1842 alii
861 1780 906 1841 di·
966 1818 967 1823 κ

210 1885 459 1960 crunt‘audienrr,
483 1886 562 1969 quod
584 1901 615 1947 tu
643 1884 713 1946 dicis
740 1905 794 1966 pro
821 1883 906 1946 nihilo
937 1922 941 1932 ι

211 1990 423 2073 computabitur
439 2012 449 2065 ;
468 2007 567 2072 petent
584 1990 632 2053 alii
650 1992 684 2056 δι
703 1991 864 2075 accipient,
878 2006 906 2052 tu

211 2112 292 2179 petes
310 2116 364 2156 nec
382 2097 556 2178 impetrabis.
692 2110 698 2115 ·

257 2218 283 2282 5.
304 2198 393 2259 Erunt
414 2199 461 2261 alii
483 2203 581 2284 magni
605 2202 636 2264 in
663 2223 714 2266 ore
737 2202 907 2275 hominum

94 2332 95 2335 ¹
213 2301 251 2366 de
272 2319 301 2364 te
319 2320 417 2375 autem
433 2306 570 2367 tacebitur
591 2330 602 2381 3
620 2308 682 2373 aliis
698 2308 754 2370 hoc
773 2309 822 2372 vel
844 2305 908 2370 illud

212 2411 429 2484 committetur,
447 2427 478 2472 tu
495 2428 592 2475 autem
610 2413 647 2475 ad
664 2414 734 2475 nihil
751 2410 825 2475 utilis'
838 2410 909 2494 judi·

214 2514 333 2577 caberis.
344 2515 463 2598 Propter
474 2517 531 2580 hoc
543 2535 642 2581 natura
654 2518 827 2602 quandoque
839 2537 908 2580 con-

214 2617 366 2681 tristabitur
386 2644 397 2697 3
418 2623 451 2685 &
469 2644 635 2707 magnum,
654 2622 677 2686 fi
704 2623 788 2687 silens
815 2640 910 2709 porta·

215 2725 301 2788 veris.
325 2725 359 2788 ln
384 2725 428 2787 his
457 2726 649 2810 &similibus
673 2729 768 2793 multis
798 2728 911 2813 probari

217 2829 287 2895 solet
306 2830 396 2896 fidelis
416 2831 540 2896 Domini
557 2833 652 2897 servus
670 2833 789 2920 qualiter
810 2833 839 2896 se
858 2833 911 2895 ab‘
