1926 3646
237 318 292 406 92
352 291 577 377 nelma.
601 278 839 376 Crrnrerr'.

235 441 295 533 Dei
324 442 535 525 beneplacitum
567 444 602 505 &
637 443 773 524 proximi
802 439 944 502 utilitatem

232 545 357 607 intendis
381 550 414 611 &
437 550 558 630 quaeris,
579 547 698 607 interni
724 547 859 607 libertate
883 567 944 628 per·

233 651 343 713 frueris.
355 651 391 713 si
408 653 514 713 rebium
530 668 680 712 cortuum
697 649 790 726 esset,
802 668 870 712 tunc
887 671 942 710 om·

233 759 278 817 nis
298 775 425 817 creatura
446 755 587 838 speculum
609 758 683 818 vitae
704 757 739 818 &
760 756 836 817 liber
853 755 940 816 saniiae

233 861 369 922 dosttinae
386 858 461 920 esset.
478 859 546 921 Non
562 858 604 920 est
625 878 763 921 creatura
781 876 844 923 tarn
861 880 939 943 patra

234 969 268 1030 &
290 968 376 1041 vilis,
398 987 462 1047 quae
482 965 543 1028 Dei
563 966 734 1029 bonitatem
757 986 821 1030 non
843 984 938 1048 reprae-

232 1070 330 1133 sentet.

275 1195 303 1236 2.
323 1174 398 1235 Situ
416 1172 485 1236 effes
500 1176 574 1235 intus
592 1177 691 1238 bonus
707 1180 743 1242 &
758 1196 866 1260 purus,
880 1190 934 1235 tunt
958 1236 959 1241 ,

231 1281 331 1349 ¹omnia
356 1279 415 1341 sine
437 1282 646 1363 impedimento
674 1283 795 1345 videres
820 1284 853 1344 &
872 1280 933 1339 bene

232 1405 358 1465 caperes.
374 1384 438 1448 Cor
454 1378 556 1468 purum
573 1403 710 1469 penetrat
725 1385 836 1447 coelum
853 1376 933 1447 &in-

226 1487 354 1550 setnum.
375 1486 479 1570 Qualis
495 1486 687 1573 unusquisque
705 1493 783 1550 intus
799 1487 860 1561 err,
875 1484 930 1546 tali·

231 1608 274 1653 tet
285 1590 391 1673 judicat
408 1597 538 1656 exteriits.
552 1594 582 1656 si
599 1594 639 1655 est
656 1595 799 1679 gaudium
818 1595 847 1652 in
855 1604 929 1651 mun·

233 1698 272 1759 do
286 1743 296 1773 ,
310 1699 368 1761 hoc
388 1701 482 1781 utique
500 1697 623 1782 possidet
637 1703 705 1782 puri
719 1699 817 1761 cordis
833 1699 927 1769 hornut

232 1802 264 1863 &
283 1801 304 1861 st
322 1801 363 1862 est
382 1803 486 1863 alicubi
505 1804 648 1864 tribulatio
668 1805 703 1866 &
721 1800 866 1888 angustia,
880 1800 927 1858 hoc
959 1866 960 1873 ἵ

231 1904 333 1966 melibs
347 1907 430 1968 novit
447 1906 524 1967 mala
540 1906 723 1969 conscientia.
739 1907 819 1970 Sicut
834 1904 926 1966 serrum
959 1934 960 1943 κ

142 2070 144 2075 ,
231 2007 344 2071 missum
362 2012 392 2071 in
413 2012 510 2094 ignem
530 2004 634 2073 amittii
652 2013 819 2097 rubiginem
833 2012 925 2072 &1⁰⁶

230 2131 292 2174 tum
312 2115 435 2175 candens
450 2114 592 2188 efficitur,
606 2115 645 2177 fic
661 2116 757 2179 homo
775 2112 885 2197 integri
894 2106 925 2168 ad

231 2216 331 2279 Deum
349 2216 378 2278 se
399 2236 569 2280 convertens
593 2219 610 2280 i
630 2237 754 2304 torpore
778 2212 923 2281 exuitur&

230 2324 260 2383 in
281 2344 392 2385 novum
410 2323 560 2386 hominem
581 2323 792 2387 transmutatur.

274 2450 302 2511 3.
324 2427 454 2511 Quando
471 2431 562 2493 homo
581 2433 680 2515 incipit
693 2430 851 2516 tepescere,
863 2442 920 2485 tunc

230 2554 354 2617 parvum
374 2525 474 2595 metuit
494 2536 624 2596 laborem
647 2538 678 2598 ὃ(
697 2537 818 2598 libenter
835 2547 919 2593 extet-

231 2658 299 2697 nam
327 2639 430 2720 accipit
463 2638 696 2702 consolationem.
727 2640 784 2702 Sed
814 2629 917 2720 quando

232 2740 355 2827 persesie
371 2743 470 2824 incipit
483 2741 510 2803 se
525 2744 639 2805 vincere
657 2745 689 2806 δι
703 2745 822 2806 viriliter
835 2743 863 2799 in
877 2730 918 2797 vii

232 2846 291 2909 Dei
309 2846 473 2921 ambulate,
489 2863 555 2907 tunc
574 2850 667 2908 minus
686 2871 720 2910 ea
736 2861 844 2931 reputat
861 2856 917 2922 quae

232 2947 284 3011 fibi
303 2953 379 3035 pribs
398 2953 496 3036 gravia
515 2950 569 3015 effe
587 2951 730 3016 sentiebat.
