1978 3644
249 332 307 407 74
366 326 433 380 on
449 298 585 384 ΙΜιτ.
606 300 844 383 Crrnrsrr.

246 446 463 510 obtenebrescet
473 446 557 509 vestis
567 445 674 508 subtilis
683 468 694 520 3
703 463 774 507 tunc
787 447 850 529 plus
858 446 949 507 laurla-

247 555 324 616 bitur
341 553 545 636 pauperculum
562 552 748 613 domicilium
763 574 854 634 quarn
869 553 950 613 deau-

249 674 342 720 ratum
358 659 519 741 palatium3
534 677 600 719 tunc
616 657 731 737 juvabit
744 658 811 740 plus
828 656 949 718 constans

248 766 384 847 patientia
401 785 487 845 quam
502 765 597 824 omnis
611 764 714 824 mundi
730 766 880 845 potentia3
892 781 949 823 tunc

247 869 371 951 amplius
384 868 551 933 exaltabitur
560 866 682 950 simplex
692 868 863 932 obedientia
872 885 948 1007 quam

248 975 345 1037 omnis
361 971 490 1036 secularis
509 972 616 1036 astutia.
799 1010 800 1013 =

291 1077 425 1150 6.Tune
452 1080 515 1158 plus
541 1076 698 1137 laetifieabit
721 1100 795 1160 pura
820 1080 855 1141 &
880 1076 947 1137 bona

248 1180 422 1244 conscientia
445 1201 531 1262 quam
548 1180 632 1241 dohla
650 1181 839 1265 philosophia
859 1204 870 1256 ;
892 1197 946 1240 tunc

248 1284 492 1370 plusponderabit
501 1302 681 1368 contemptus
691 1287 946 1370 divitiarumquau

248 1407 333 1455 totus.
345 1388 489 1455 thesaurus
509 1393 717 1475 terrigenarum
739 1414 751 1467 3
775 1410 846 1454 tunc
866 1388 945 1472 magis

247 1495 441 1558 consolaberis
468 1495 550 1579 super
573 1498 680 1560 devoti
707 1501 843 1561 oratione
867 1513 945 1578 quam

248 1599 332 1683 super
351 1600 474 1662 delicati
493 1600 669 1663 comestione
683 1626 696 1678 3
716 1621 787 1664 tunc
804 1603 868 1685 plus
884 1617 945 1683 gau-

249 1704 331 1768 debis
362 1706 399 1766 de
429 1705 541 1771 servato
565 1707 678 1770 srlentio
706 1730 798 1791 quam
829 1708 865 1767 de
890 1704 944 1764 lon·

246 1811 288 1894 gh
308 1811 482 1873 fabulatione
502 1835 513 1887 3
532 1829 601 1873 tunc
621 1814 683 1895 plus
703 1814 845 1877 valebunt
862 1806 944 1871 sanila

186 1978 188 1982 Α
250 1933 342 1997 opera
352 1935 440 1997 quam
455 1915 544 1976 multa
555 1916 674 1998 pulchra
684 1919 780 1979 verba
791 1940 802 1993 3
814 1934 879 1978 tunc
891 1913 944 1996 plut

249 2020 376 2104 placebit
402 2018 494 2083 strista
521 2023 583 2083 vita
611 2026 644 2086 δι
672 2025 763 2086 ardtu
787 2018 943 2106 poenitentia

249 2146 339 2207 quam
351 2126 445 2188 omnis
459 2125 944 2203 deleetatioterrena.1)iscetenurc

250 2231 282 2291 in
300 2229 418 2292 modico
438 2229 517 2312 pati,
534 2247 566 2291 ut
582 2232 687 2294 tunc-h
703 2234 884 2319 gravioribus
895 2249 942 2289 va·

248 2335 310 2399 leas
329 2334 451 2401 liberari,
471 2336 528 2399 Hic
548 2339 642 2420 primo
665 2341 759 2422 proba
776 2338 846 2422 quid
866 2329 943 2418 pulsu

250 2439 351 2523 postea
372 2464 380 2503 r
400 2441 422 2501 fi
443 2463 518 2503 nunc
535 2459 596 2505 tam
615 2466 718 2527 parum
739 2446 821 2508 vales
840 2438 943 2503 sustine·

250 2565 284 2610 re
296 2587 307 2619 2
319 2545 468 2626 quomodo
486 2563 593 2609 aeterna
609 2564 757 2612 tormenta
774 2549 879 2635 poteris
894 2536 943 2603 suf-

252 2646 326 2721 ferre
345 2648 358 2711 l
377 2648 399 2719 sr
421 2649 513 2712 modo
534 2652 651 2714 modica
667 2654 758 2738 pallio
776 2672 837 2716 tam
854 2653 942 2728 impao

250 2757 370 2817 rientem
390 2753 499 2830 efficit,
517 2757 586 2839 quid
604 2760 734 2842 gehenna
755 2778 824 2822 tunc
842 2745 941 2817 faciet?

254 2861 330 2937 Ecce
348 2862 418 2925 vere
442 2882 502 2926 non
517 2880 600 2947 potes
622 2864 679 2928 duo
699 2866 804 2957 gaudia
823 2859 940 2931 habere5
