1946 3634
216 321 300 381 aoo
359 314 426 375 na
444 288 575 378 Intra.
599 291 816 380 Crantorr.

216 445 892 542 wmssihm

329 613 361 686 C
386 615 415 690 A
442 616 467 686 P
492 614 585 688 UT
632 612 670 685 X
692 613 728 685 X
745 613 794 687 X.
860 666 864 677 .

215 775 272 848 De
292 774 404 847 divino
421 773 558 867 petendo
580 774 737 860 auxilio,
759 769 792 845 δ’
814 771 900 865 confi·

325 895 435 966 denuit
459 895 669 988 recuperanda
686 895 806 990 gratia.

219 1030 505 1151 nennfm,
526 1097 581 1164 ego
603 1081 739 1143 Dominus
764 1078 899 1163 confinio

216 1187 246 1248 in
266 1189 310 1264 die
335 1184 515 1245 tribulationis
543 1185 693 1266 (Nahum.
711 1184 727 1265 1'
737 1231 750 1259 ,
770 1186 823 1268 7).
846 1184 901 1246 Ve-

215 1291 277 1353 nias
303 1289 342 1350 ad
366 1309 414 1351 me
437 1310 524 1371 quum
542 1290 594 1351 tibi
620 1311 681 1352 non
708 1290 792 1352 fuerit
812 1291 901 1353 bene:
946 1332 947 1377 q

215 1394 273 1457 hoc
294 1392 335 1458 est
357 1394 437 1477 quod
456 1396 582 1456 maxine
605 1394 830 1457 consolationem
852 1395 901 1455 im·
946 1392 948 1465 i

217 1499 297 1584 pedit
318 1498 490 1574 coelestem}
512 1501 579 1583 quia
596 1500 702 1563 tardius
722 1517 751 1562 te
772 1499 902 1563 convertis
948 1518 949 1541 ¹

218 1605 258 1668 ad
276 1608 446 1670 orationem.
462 1605 540 1668 Nam
559 1621 730 1687 antequam
746 1627 794 1667 me
812 1602 903 1667 intenti

218 1732 325 1796 roges,
346 1712 436 1773 multa
454 1713 568 1773 interim
585 1710 684 1772 solatia
703 1714 804 1794 quaeris
822 1714 853 1777 ὃ(
867 1729 904 1770 re·

217 1837 297 1878 ereas
316 1832 345 1878 te
364 1818 393 1875 in
413 1817 534 1877 extemis
550 1836 560 1890 ;
579 1816 702 1898 ideoque
721 1815 755 1878 fit
767 1834 799 1877 ut
816 1834 903 1901 parum
951 1800 952 1803 Ἴ

217 1921 318 1984 omnia
340 1919 477 2003 prosint,
504 1921 598 1982 donee
622 1921 753 1982 advertas
773 1925 838 2005 quia
858 1941 903 2005 ego

216 2024 279 2088 sum
297 2027 348 2108 qui
364 2047 432 2088 eruo
450 2025 590 2109 sperantes
607 2027 638 2085 in
655 2047 721 2100 me,
737 2048 792 2088 nec
812 2025 849 2088 est
866 2046 903 2087 ex·

216 2147 260 2191 tra
281 2151 329 2190 me
349 2131 448 2191 valens
471 2131 628 2202 auxilium,
645 2152 738 2214 neque
755 2132 823 2193 utile
843 2151 904 2193 con·

216 2233 329 2309 filium,
348 2233 396 2295 sed
415 2254 507 2316 neque
529 2234 656 2296 durabile
676 2237 843 2298 remedium.
858 2233 904 2298 Sed

216 2341 301 2424 jam,
325 2338 468 2423 resumpto
491 2339 587 2422 spiritu
610 2338 676 2424 post
696 2341 903 2424 tempestatem,

218 2444 420 2507 reconvalesce
431 2448 461 2505 in
473 2447 535 2507 luce
547 2444 759 2508 miserationum
772 2464 901 2509 mearum:

217 2551 285 2632 quia
306 2571 398 2632 prope
419 2550 479 2612 sum
501 2551 601 2633 (dicit
620 2551 794 2634 Dominus)
812 2569 841 2614 ut
858 2546 904 2612 res·

218 2672 330 2717 taurem
349 2654 499 2729 universa,
520 2677 580 2717 non
601 2656 692 2718 solum
713 2657 845 2742 integri,
866 2652 905 2716 sed

216 2759 441 2825 &abundanter
459 2782 493 2822 ac
514 2762 665 2825 cumulati.
770 2832 772 2837 ,

261 2886 290 2930 2.
310 2866 459 2951 Numquid
481 2867 550 2930 mihi
571 2869 727 2950 quidquam
751 2866 792 2930 est
815 2863 905 2928 diffici-
