1978 3644
130 276 341 362 Ltruul.
373 275 625 386 Cruxxiij.
686 283 741 389 69

57 439 79 483 te
92 425 195 504 poteris
212 425 355 499 liberare,
375 426 411 485 de
432 445 518 506 quam
533 445 641 508 magno
658 424 746 485 timo·

25 546 26 555 ¹
58 548 81 588 re
94 531 221 611 eripere,
237 529 260 590 st
280 530 373 591 modo
391 528 502 612 semper
517 531 665 590 timoratus
682 527 746 589 fue·

58 635 86 692 ris
102 637 132 696 ὃ(
150 633 292 718 suspectus
308 635 344 695 de
364 651 457 695 morte
476 634 487 694 ?
504 633 590 695 Stude
608 655 683 693 nunc
700 651 747 694 ta-

58 741 107 800 liter
122 742 249 816 vivere,
266 758 298 801 ut
317 742 346 800 in
366 740 438 801 hora
456 741 555 802 mortis
574 741 671 801 valeas
687 761 747 821 po-

58 847 99 906 tiit
126 847 255 930 gaudere
292 867 379 927 quam
410 847 521 907 timere.
553 845 642 906 Disce
672 865 748 905 nune

59 955 119 1012 mori
138 952 279 1025 mundo,
293 966 325 1009 ut
342 968 410 1011 tunc
428 950 548 1039 ¹incipias
564 951 664 1009 vivere
685 962 768 1010 cunt

60 1055 212 1119 Ceursm.
225 1054 313 1117 Disce
330 1075 405 1114 nunc
426 1055 525 1115 omnia
546 1070 752 1128 contemnere,

61 1180 83 1221 rt
92 1180 156 1223 tunc
178 1159 266 1245 possrs
279 1159 366 1221 libere
380 1159 416 1219 ad
431 1159 609 1221 Cflarswrr
625 1179 752 1242 pergere.

62 1266 164 1352 Castiga
195 1287 271 1326 nunc
295 1286 397 1347 corpus
424 1282 504 1324 tuum
528 1285 580 1347 per
603 1266 750 1345 poeniten-

63 1376 140 1445 tiam,
156 1389 189 1434 ut
206 1389 275 1433 tunc
293 1387 400 1435 certam
418 1370 515 1435 valeas
533 1369 639 1435 habere
657 1368 752 1435 confi·

65 1476 187 1543 dentiam.
246 1460 249 1467 ⁴

98 1605 125 1664 7.
142 1584 192 1647 Ah
207 1585 214 1644 !
226 1582 314 1646 Stulte
328 1628 338 1660 ,
356 1584 425 1667 quid
436 1585 545 1667 cogitas
556 1600 584 1644 te
595 1584 644 1643 diu
658 1582 754 1643 viciu-

67 1710 140 1766 rum,
153 1712 239 1773 quum
254 1690 364 1759 nullum
382 1689 460 1749 diem
476 1688 584 1747 habeas
603 1685 755 1747 securum?

69 1793 160 1873 Quam
180 1796 261 1857 multi
286 1790 398 1878 decepti
419 1793 480 1854 sunt
504 1793 537 1853 &
559 1790 699 1875 insperate
719 1790 757 1852 de

69 1921 180 1982 corpore
200 1901 314 1963 extracii
333 1902 341 1960 !
361 1899 485 1980 Quoties
507 1895 607 1957 audisti
625 1897 760 1958 idicen-

70 2005 158 2081 tibus‚
174 2010 236 2089 quia
257 2031 276 2064 rr
297 2005 349 2066 Ille
367 2004 464 2089 gladio
485 1996 673 2075 cecidit‚'ille
693 1999 759 2060 sub-

72 2135 89 2169 »
105 2112 200 2173 mersus
220 2112 284 2187 est,
302 2091 351 2171 ille
369 2110 407 2170 ab
425 2109 483 2170 alto
507 2129 590 2169 ruens
613 2088 758 2170 cervicem

73 2239 90 2272 t
106 2217 207 2302 fregit,
235 2218 282 2278 ille
311 2214 511 2277 manducando
539 2214 684 2297 obriguit,
710 2213 759 2274 itle

75 2345 92 2378 e
108 2322 221 2384 ludendo
236 2321 326 2384 finem
346 2320 413 2381 secit
430 2320 472 2380 ἓ»
486 2319 568 2381 Alius
585 2322 669 2400 igne,
689 2317 759 2381 aliut

74 2423 159 2503 serto,
175 2430 244 2490 alius
261 2425 361 2510 peste,
380 2425 449 2485 alius
468 2423 620 2484 latrocinio
639 2422 760 2483 interiit:

75 2532 152 2593 &fic
167 2536 299 2596 omnium
318 2529 382 2591 finis
402 2550 480 2596 mors
502 2527 565 2602 est,
578 2527 610 2589 &
625 2528 686 2587 vita
704 2528 761 2589 ho-

75 2639 171 2704 minum
190 2656 341 2719 tamquam
359 2635 460 2695 umbra
476 2631 566 2694 subito
583 2629 741 2714 pertransit.
823 2699 826 2705 ¹
914 2653 917 2657 ’

109 2741 135 2803 8.
155 2743 230 2824 Quis
250 2740 455 2802 memorabitur
472 2741 514 2798 tui
534 2735 600 2820 post
618 2730 760 2797 mortem?

75 2843 178 2945 &quis
200 2847 296 2915 orabit
321 2843 453 2933 prote?
475 2844 565 2936 Age,
592 2860 646 2929 age
664 2858 738 2899 nunc
750 2879 761 2920 t
