1926 3646
80 406 87 419 ,
216 319 293 402 η8
352 312 847 402 MIMIT.CHRIST1.

210 482 308 535 meam
331 461 406 525 surdi
427 461 489 525 sunt
509 465 540 527 &
568 463 648 525 duri.
669 462 774 525 Plures
794 464 925 526 mundun

91 640 94 647 ,
210 569 342 631 libentius
360 569 476 631 audiunt
493 590 583 652 quarn
607 568 741 644 Deurn,
760 569 871 631 facilius
888 567 926 629 le-

209 689 332 756 quuntur
356 675 448 733 carnis
474 672 528 734 suae
556 676 734 759 appetitum
761 678 852 757 quam
872 672 924 734 Dei

208 775 430 860 beneplacitum.
440 776 585 839 Promittit
603 777 742 841 mundus
759 756 923 861 temporalia

210 886 243 947 &
265 906 377 967 parva,
394 887 427 947 δι
444 883 561 944 servitur
584 886 614 945 ei
636 886 786 948 aviditate
805 884 922 967 maguit3

210 972 282 1072 030⁵
294 990 432 1071 promitto
456 987 566 1051 summa
588 991 626 1054 ὅ(
652 1007 793 1065 aeterna,
815 991 847 1053 &
867 1005 921 1047 tor·

82 1116 84 1119 ’
210 1089 327 1176 pestunr
345 1093 511 1154 mortalium
530 1094 633 1156 corda.
658 1092 743 1175 Quis
767 1093 847 1155 tanti
864 1087 921 1151 curi

210 1196 283 1258 mihi
303 1196 333 1255 iu
356 1196 490 1257 omnibus
519 1196 606 1261 servit
636 1197 674 1262 &
699 1197 836 1270 obedit,
861 1194 921 1255 srcur

208 1300 319 1362 mundo
338 1303 370 1364 &
388 1300 511 1362 dominis
530 1299 589 1382 ejus
607 1302 740 1366 servitur
752 1302 764 1363 ἓ
777 1300 904 1382 Erubesce
910 1338 920 1367 2

208 1408 315 1479 Sidon,
331 1407 459 1468 airmare
479 1405 535 1488 (ls.
553 1406 721 1492 xxiij,4)
739 1430 755 1483 ;
773 1410 807 1471 &
823 1405 917 1467 lican-

206 1508 270 1571 fam
289 1511 410 1593 queris,
429 1511 495 1572 audi
514 1532 610 1593 quare.
630 1512 694 1574 Pro
712 1512 834 1574 modici
848 1528 916 1593 pra·

208 1613 324 1690 bandi,
335 1614 423 1698 longa
433 1618 482 1679 via
500 1618 618 1679 curritur
629 1640 640 1693 3
653 1640 713 1700 pro
728 1616 836 1679 aeterni
847 1610 913 1682 viti,

207 1717 229 1781 a
245 1721 339 1781 multis
353 1721 404 1782 vix
418 1742 470 1802 pes
486 1720 573 1783 semel
589 1722 607 1783 ir
621 1723 703 1786 terri
719 1723 834 1785 levatur
845 1740 852 1778 τ
863 1714 913 1779 vile

208 1825 334 1905 pretium
353 1825 505 1904 queritur,
522 1847 576 1907 pro
596 1847 656 1889 uno
680 1825 853 1889 numismate
870 1822 912 1879 in-

208 1926 323 1991 terdum
343 1927 462 2009 turpiter
482 1928 630 2012 litigatur,
654 1954 713 2014 pro
737 1930 815 1993 vani
836 1948 864 1988 re
884 1926 911 1987 δι

210 2033 302 2116 parva
312 2031 497 2115 prouu'ffione
513 2035 717 2120 diunoehrque
734 2034 847 2119 fatigari
857 2047 910 2090 nou

210 2151 333 2196 unietur.

148 2298 155 2309 .
251 2257 281 2314 4.
302 2237 360 2301 Sed
377 2239 452 2323 proh
470 2242 564 2325 pudor
584 2245 593 2305 l
613 2266 667 2327 pro
692 2248 777 2308 bono
800 2244 907 2304 incoru-

209 2343 366 2419 mutabili,
391 2367 444 2428 pto
468 2351 588 2430 praenrio
617 2349 836 2421 inaestimabili,
857 2362 906 2426 pro

209 2446 322 2510 summo
339 2450 451 2512 honore
469 2454 501 2516 ὃ(
516 2453 607 2536 gloria
623 2451 848 2522 interminabili,
862 2442 905 2507 vel

208 2548 248 2612 ad
276 2553 422 2614 modicum
447 2555 558 2638 farigari
585 2560 744 2641 pigritatur.
773 2547 905 2619 Erubesce

210 2671 301 2738 ergo,
321 2655 409 2718 Serve
431 2660 563 2742 piger&
582 2662 751 2743 queruloso,
770 2656 849 2742 quod
867 2649 904 2712 illi

210 2762 366 2842 paratiores
377 2763 603 2841 inveniunturad
618 2767 810 2848 perditionem
822 2774 900 2842 quem

209 2879 241 2925 tu
257 2866 294 2929 ad
311 2869 402 2931 vitam
413 2891 424 2947 3
435 2868 557 2953 gaudent
573 2869 612 2932 illi
630 2872 752 2955 amplius
771 2866 809 2930 ad
820 2860 901 2928 vaula
