<?xml version="1.0" encoding="UTF-8"?>
<!DOCTYPE html PUBLIC "-//W3C//DTD XHTML 1.0 Transitional//EN"
    "http://www.w3.org/TR/xhtml1/DTD/xhtml1-transitional.dtd">
<html xmlns="http://www.w3.org/1999/xhtml" xml:lang="en" lang="en">
 <head>
  <title>
</title>
<meta http-equiv="Content-Type" content="text/html;charset=utf-8" />
  <meta name='ocr-system' content='tesseract 3.04.00' />
  <meta name='ocr-capabilities' content='ocr_page ocr_carea ocr_par ocr_line ocrx_word'/>
</head>
<body>
  <div class='ocr_page' id='page_1' title='image "./deimitationechr00beaugoog_0047.png"; bbox 0 0 1978 3644; ppageno 0'>
   <div class='ocr_carea' id='block_1_1' title="bbox 222 225 814 340">
    <p class='ocr_par' dir='ltr' id='par_1_1' title="bbox 222 225 814 340">
     <span class='ocr_line' id='line_1_1' title="bbox 222 225 814 340; baseline 0 -22"><span class='ocrx_word' id='word_1_1' title='bbox 222 264 278 340; x_wconf 80' lang='lat'><strong>42</strong></span> <span class='ocrx_word' id='word_1_2' title='bbox 338 225 559 319; x_wconf 65' lang='grc'>11111117.</span> <span class='ocrx_word' id='word_1_3' title='bbox 580 232 814 319; x_wconf 70' lang='lat' dir='ltr'><strong>Cumsrz.</strong></span> 
     </span>
    </p>
   </div>
   <div class='ocr_carea' id='block_1_2' title="bbox 185 384 959 1835">
    <p class='ocr_par' dir='ltr' id='par_1_2' title="bbox 222 384 956 765">
     <span class='ocr_line' id='line_1_2' title="bbox 224 384 956 470; baseline -0.003 -20"><span class='ocrx_word' id='word_1_4' title='bbox 224 389 257 451; x_wconf 89' lang='lat'><strong>&amp;</strong></span> <span class='ocrx_word' id='word_1_5' title='bbox 276 384 316 448; x_wconf 91' lang='lat' dir='ltr'><strong>est</strong></span> <span class='ocrx_word' id='word_1_6' title='bbox 331 387 422 470; x_wconf 82' lang='lat' dir='ltr'><strong>magis</strong></span> <span class='ocrx_word' id='word_1_7' title='bbox 444 384 592 446; x_wconf 82' lang='lat' dir='ltr'>carnalitas</span> <span class='ocrx_word' id='word_1_8' title='bbox 610 407 620 460; x_wconf 71' lang='grc' dir='ltr'><strong>ς</strong></span> <span class='ocrx_word' id='word_1_9' title='bbox 638 386 704 469; x_wconf 87' lang='lat' dir='ltr'><strong>quia</strong></span> <span class='ocrx_word' id='word_1_10' title='bbox 722 387 877 465; x_wconf 76' lang='lat' dir='ltr'>naturalis</span> <span class='ocrx_word' id='word_1_11' title='bbox 898 386 956 448; x_wconf 78' lang='lat' dir='ltr'><strong>in·-</strong></span> 
     </span>
     <span class='ocr_line' id='line_1_3' title="bbox 223 488 956 574; baseline 0.001 -21"><span class='ocrx_word' id='word_1_12' title='bbox 223 488 369 564; x_wconf 81' lang='lat' dir='ltr'><strong>dinatio,</strong></span> <span class='ocrx_word' id='word_1_13' title='bbox 394 493 511 574; x_wconf 83' lang='lat' dir='ltr'><strong>propria</strong></span> <span class='ocrx_word' id='word_1_14' title='bbox 532 489 691 566; x_wconf 84' lang='lat' dir='ltr'><strong>voluntas,</strong></span> <span class='ocrx_word' id='word_1_15' title='bbox 714 489 777 574; x_wconf 86' lang='lat' dir='ltr'><strong>spes</strong></span> <span class='ocrx_word' id='word_1_16' title='bbox 807 493 956 554; x_wconf 69' lang='lat' dir='ltr'>retribu⁴</span> 
     </span>
     <span class='ocr_line' id='line_1_4' title="bbox 222 580 955 672; baseline 0 -14"><span class='ocrx_word' id='word_1_17' title='bbox 222 580 331 672; x_wconf 59' lang='lat' dir='ltr'><strong>tionis,</strong></span> <span class='ocrx_word' id='word_1_18' title='bbox 352 595 465 659; x_wconf 69' lang='lat' dir='ltr'>affefl&#39;us</span> <span class='ocrx_word' id='word_1_19' title='bbox 486 597 723 672; x_wconf 83' lang='lat' dir='ltr'>commoditatis,</span> <span class='ocrx_word' id='word_1_20' title='bbox 743 619 817 659; x_wconf 87' lang='lat' dir='ltr'><strong>raro</strong></span> <span class='ocrx_word' id='word_1_21' title='bbox 845 594 955 660; x_wconf 80' lang='lat' dir='ltr'>abeffe</span> 
     </span>
     <span class='ocr_line' id='line_1_5' title="bbox 224 702 336 765; baseline -0.018 0"><span class='ocrx_word' id='word_1_22' title='bbox 224 702 336 765; x_wconf 87' lang='lat' dir='ltr'><strong>volunt.</strong></span> 
     </span>
    </p>

    <p class='ocr_par' dir='ltr' id='par_1_3' title="bbox 185 806 959 1835">
     <span class='ocr_line' id='line_1_6' title="bbox 268 806 951 890; baseline 0.003 -21"><span class='ocrx_word' id='word_1_23' title='bbox 268 828 295 890; x_wconf 81' lang='lat'><strong>3.</strong></span> <span class='ocrx_word' id='word_1_24' title='bbox 316 807 379 888; x_wconf 89' lang='lat' dir='ltr'><strong>Qui</strong></span> <span class='ocrx_word' id='word_1_25' title='bbox 406 828 507 870; x_wconf 84' lang='lat' dir='ltr'><strong>veram</strong></span> <span class='ocrx_word' id='word_1_26' title='bbox 532 809 566 872; x_wconf 89' lang='lat'>&amp;</span> <span class='ocrx_word' id='word_1_27' title='bbox 592 806 748 890; x_wconf 69' lang='lat' dir='ltr'><strong>perfeRam</strong></span> <span class='ocrx_word' id='word_1_28' title='bbox 778 810 951 872; x_wconf 84' lang='lat' dir='ltr'><strong>caritatem</strong></span> 
     </span>
     <span class='ocr_line' id='line_1_7' title="bbox 225 908 949 994; baseline -0.001 -20"><span class='ocrx_word' id='word_1_29' title='bbox 225 913 314 975; x_wconf 82' lang='lat' dir='ltr'>habet</span> <span class='ocrx_word' id='word_1_30' title='bbox 341 915 372 972; x_wconf 89' lang='lat' dir='ltr'><strong>in</strong></span> <span class='ocrx_word' id='word_1_31' title='bbox 394 908 471 974; x_wconf 67' lang='lat' dir='ltr'>nulla</span> <span class='ocrx_word' id='word_1_32' title='bbox 495 933 526 974; x_wconf 88' lang='lat' dir='ltr'><strong>re</strong></span> <span class='ocrx_word' id='word_1_33' title='bbox 554 912 581 973; x_wconf 92' lang='lat' dir='ltr'><strong>se</strong></span> <span class='ocrx_word' id='word_1_34' title='bbox 612 909 704 994; x_wconf 87' lang='lat' dir='ltr'><strong>ipsum</strong></span> <span class='ocrx_word' id='word_1_35' title='bbox 730 915 869 994; x_wconf 61' lang='lat' dir='ltr'><strong>quarm,</strong></span> <span class='ocrx_word' id='word_1_36' title='bbox 898 913 949 974; x_wconf 85' lang='lat' dir='ltr'><strong>sed</strong></span> 
     </span>
     <span class='ocr_line' id='line_1_8' title="bbox 227 1016 959 1100; baseline -0.004 -19"><span class='ocrx_word' id='word_1_37' title='bbox 227 1019 288 1081; x_wconf 81' lang='lat' dir='ltr'><strong>Dei</strong></span> <span class='ocrx_word' id='word_1_38' title='bbox 310 1017 492 1080; x_wconf 87' lang='lat' dir='ltr'><strong>solummodo</strong></span> <span class='ocrx_word' id='word_1_39' title='bbox 516 1018 638 1100; x_wconf 79' lang='lat' dir='ltr'><strong>gloriam</strong></span> <span class='ocrx_word' id='word_1_40' title='bbox 658 1019 688 1076; x_wconf 89' lang='lat' dir='ltr'><strong>in</strong></span> <span class='ocrx_word' id='word_1_41' title='bbox 710 1018 856 1079; x_wconf 89' lang='lat' dir='ltr'><strong>omnibus</strong></span> <span class='ocrx_word' id='word_1_42' title='bbox 883 1016 959 1081; x_wconf 81' lang='lat' dir='ltr'>fieri·</span> 
     </span>
     <span class='ocr_line' id='line_1_9' title="bbox 226 1121 948 1202; baseline -0.001 -17"><span class='ocrx_word' id='word_1_43' title='bbox 226 1123 367 1185; x_wconf 81' lang='lat' dir='ltr'>defiderat</span> <span class='ocrx_word' id='word_1_44' title='bbox 387 1145 394 1183; x_wconf 91' lang='lat'><strong>:</strong></span> <span class='ocrx_word' id='word_1_45' title='bbox 418 1121 486 1184; x_wconf 87' lang='lat' dir='ltr'>nulli</span> <span class='ocrx_word' id='word_1_46' title='bbox 509 1123 595 1180; x_wconf 86' lang='lat' dir='ltr'><strong>etiam</strong></span> <span class='ocrx_word' id='word_1_47' title='bbox 618 1121 749 1196; x_wconf 85' lang='lat' dir='ltr'>invidet,</span> <span class='ocrx_word' id='word_1_48' title='bbox 772 1127 848 1202; x_wconf 84' lang='lat' dir='ltr'>quia</span> <span class='ocrx_word' id='word_1_49' title='bbox 876 1125 948 1184; x_wconf 85' lang='lat' dir='ltr'><strong>nul-</strong></span> 
     </span>
     <span class='ocr_line' id='line_1_10' title="bbox 226 1225 950 1309; baseline -0.003 -19"><span class='ocrx_word' id='word_1_50' title='bbox 226 1227 287 1290; x_wconf 88' lang='lat' dir='ltr'><strong>lum</strong></span> <span class='ocrx_word' id='word_1_51' title='bbox 315 1228 458 1309; x_wconf 77' lang='lat' dir='ltr'><strong>privatum</strong></span> <span class='ocrx_word' id='word_1_52' title='bbox 484 1225 619 1309; x_wconf 86' lang='lat' dir='ltr'><strong>gaudium</strong></span> <span class='ocrx_word' id='word_1_53' title='bbox 642 1241 720 1284; x_wconf 80' lang='lat' dir='ltr'><strong>amat</strong></span> <span class='ocrx_word' id='word_1_54' title='bbox 742 1243 750 1284; x_wconf 74' lang='grc' dir='ltr'><strong><em>ε</em></strong></span> <span class='ocrx_word' id='word_1_55' title='bbox 772 1246 834 1286; x_wconf 83' lang='lat' dir='ltr'><strong>nec</strong></span> <span class='ocrx_word' id='word_1_56' title='bbox 860 1229 895 1287; x_wconf 90' lang='lat' dir='ltr'><strong>in</strong></span> <span class='ocrx_word' id='word_1_57' title='bbox 920 1227 950 1288; x_wconf 75' lang='lat' dir='ltr'><strong>se</strong></span> 
     </span>
     <span class='ocr_line' id='line_1_11' title="bbox 227 1324 946 1416; baseline 0 -22"><span class='ocrx_word' id='word_1_58' title='bbox 227 1331 289 1416; x_wconf 82' lang='lat' dir='ltr'><strong>ipso</strong></span> <span class='ocrx_word' id='word_1_59' title='bbox 310 1331 372 1394; x_wconf 82' lang='lat' dir='ltr'>vult</span> <span class='ocrx_word' id='word_1_60' title='bbox 392 1330 537 1415; x_wconf 81' lang='lat' dir='ltr'>gaudere,</span> <span class='ocrx_word' id='word_1_61' title='bbox 559 1324 656 1390; x_wconf 85' lang='lat' dir='ltr'>sedin</span> <span class='ocrx_word' id='word_1_62' title='bbox 674 1329 744 1391; x_wconf 92' lang='lat' dir='ltr'><strong>Deo</strong></span> <span class='ocrx_word' id='word_1_63' title='bbox 763 1326 854 1414; x_wconf 89' lang='lat' dir='ltr'>super</span> <span class='ocrx_word' id='word_1_64' title='bbox 875 1354 946 1394; x_wconf 83' lang='lat' dir='ltr'><strong>om-</strong></span> 
     </span>
     <span class='ocr_line' id='line_1_12' title="bbox 185 1434 946 1521; baseline -0.004 -20"><span class='ocrx_word' id='word_1_65' title='bbox 185 1470 189 1477; x_wconf 80' lang='lat'><em>,</em></span> <span class='ocrx_word' id='word_1_66' title='bbox 226 1441 276 1501; x_wconf 81' lang='lat' dir='ltr'><strong>nia</strong></span> <span class='ocrx_word' id='word_1_67' title='bbox 296 1438 375 1499; x_wconf 78' lang='lat' dir='ltr'><strong>bona</strong></span> <span class='ocrx_word' id='word_1_68' title='bbox 392 1452 476 1520; x_wconf 72' lang='lat' dir='ltr'><strong>optat</strong></span> <span class='ocrx_word' id='word_1_69' title='bbox 492 1434 651 1497; x_wconf 74' lang='lat' dir='ltr'><strong>beatificari</strong></span> <span class='ocrx_word' id='word_1_70' title='bbox 672 1439 808 1497; x_wconf 84' lang='lat' dir='ltr'><strong>:nemini</strong></span> <span class='ocrx_word' id='word_1_71' title='bbox 830 1438 946 1521; x_wconf 79' lang='lat' dir='ltr'>aliquid</span> 
     </span>
     <span class='ocr_line' id='line_1_13' title="bbox 227 1539 944 1616; baseline 0 -12"><span class='ocrx_word' id='word_1_72' title='bbox 227 1539 301 1604; x_wconf 81' lang='lat' dir='ltr'><strong>boni</strong></span> <span class='ocrx_word' id='word_1_73' title='bbox 324 1542 471 1616; x_wconf 72' lang='lat' dir='ltr'>attribuit3</span> <span class='ocrx_word' id='word_1_74' title='bbox 491 1539 540 1602; x_wconf 87' lang='lat' dir='ltr'><strong>sed</strong></span> <span class='ocrx_word' id='word_1_75' title='bbox 560 1540 685 1602; x_wconf 78' lang='lat' dir='ltr'><strong>totaliter</strong></span> <span class='ocrx_word' id='word_1_76' title='bbox 704 1542 742 1602; x_wconf 78' lang='lat' dir='ltr'><strong>ad</strong></span> <span class='ocrx_word' id='word_1_77' title='bbox 762 1541 871 1604; x_wconf 85' lang='lat' dir='ltr'><strong>Deum</strong></span> <span class='ocrx_word' id='word_1_78' title='bbox 894 1565 944 1604; x_wconf 79' lang='lat' dir='ltr'><strong>re-</strong></span> 
     </span>
     <span class='ocr_line' id='line_1_14' title="bbox 205 1645 943 1730; baseline 0.001 -23"><span class='ocrx_word' id='word_1_79' title='bbox 205 1700 206 1707; x_wconf 72' lang='grc'>,</span> <span class='ocrx_word' id='word_1_80' title='bbox 230 1648 286 1712; x_wconf 80' lang='lat' dir='ltr'>sert</span> <span class='ocrx_word' id='word_1_81' title='bbox 297 1693 310 1721; x_wconf 88' lang='lat'>‚</span> <span class='ocrx_word' id='word_1_82' title='bbox 335 1646 352 1708; x_wconf 70' lang='grc' dir='ltr'>ὲ</span> <span class='ocrx_word' id='word_1_83' title='bbox 376 1669 432 1730; x_wconf 89' lang='lat' dir='ltr'><strong>quo</strong></span> <span class='ocrx_word' id='word_1_84' title='bbox 458 1645 602 1708; x_wconf 79' lang='lat' dir='ltr'><strong>fontaliter</strong></span> <span class='ocrx_word' id='word_1_85' title='bbox 627 1648 726 1708; x_wconf 84' lang='lat' dir='ltr'><strong>omnia</strong></span> <span class='ocrx_word' id='word_1_86' title='bbox 748 1649 943 1729; x_wconf 85' lang='lat' dir='ltr'><strong>procedunt,</strong></span> 
     </span>
     <span class='ocr_line' id='line_1_15' title="bbox 232 1751 942 1835; baseline -0.006 -20"><span class='ocrx_word' id='word_1_87' title='bbox 232 1754 336 1835; x_wconf 85' lang='lat' dir='ltr'><strong>inquo</strong></span> <span class='ocrx_word' id='word_1_88' title='bbox 353 1751 475 1814; x_wconf 82' lang='lat' dir='ltr'>finaliter</span> <span class='ocrx_word' id='word_1_89' title='bbox 494 1769 595 1815; x_wconf 84' lang='lat' dir='ltr'><strong>omnes</strong></span> <span class='ocrx_word' id='word_1_90' title='bbox 606 1751 702 1814; x_wconf 74' lang='grc' dir='ltr'>81111ἂὶ</span> <span class='ocrx_word' id='word_1_91' title='bbox 721 1751 876 1814; x_wconf 81' lang='lat' dir='ltr'><strong>fruibih&#39;ter</strong></span> <span class='ocrx_word' id='word_1_92' title='bbox 898 1771 942 1811; x_wconf 85' lang='lat' dir='ltr'><strong>re·</strong></span> 
     </span>
    </p>
   </div>
   <div class='ocr_carea' id='block_1_3' title="bbox 232 1854 942 2156">
    <p class='ocr_par' dir='ltr' id='par_1_4' title="bbox 232 1854 942 2156">
     <span class='ocr_line' id='line_1_16' title="bbox 232 1854 942 1941; baseline 0 -24"><span class='ocrx_word' id='word_1_93' title='bbox 232 1854 384 1941; x_wconf 86' lang='lat' dir='ltr'>quiescunt.</span> <span class='ocrx_word' id='word_1_94' title='bbox 403 1855 436 1920; x_wconf 89' lang='lat' dir='ltr'>O</span> <span class='ocrx_word' id='word_1_95' title='bbox 457 1857 465 1918; x_wconf 87' lang='lat'>!</span> <span class='ocrx_word' id='word_1_96' title='bbox 484 1859 533 1940; x_wconf 86' lang='lat' dir='ltr'><strong>qui</strong></span> <span class='ocrx_word' id='word_1_97' title='bbox 551 1854 701 1919; x_wconf 84' lang='lat' dir='ltr'><strong>scintillam</strong></span> <span class='ocrx_word' id='word_1_98' title='bbox 723 1854 845 1918; x_wconf 82' lang='lat' dir='ltr'><strong>haberet</strong></span> <span class='ocrx_word' id='word_1_99' title='bbox 863 1875 942 1920; x_wconf 77' lang='lat' dir='ltr'>verae</span> 
     </span>
     <span class='ocr_line' id='line_1_17' title="bbox 233 1962 941 2047; baseline 0.001 -21"><span class='ocrx_word' id='word_1_100' title='bbox 233 1964 386 2040; x_wconf 80' lang='lat' dir='ltr'>caritatis,</span> <span class='ocrx_word' id='word_1_101' title='bbox 408 1962 539 2047; x_wconf 61' lang='lat' dir='ltr'><strong>profem</strong></span> <span class='ocrx_word' id='word_1_102' title='bbox 562 1963 662 2028; x_wconf 80' lang='lat' dir='ltr'><strong>omnia</strong></span> <span class='ocrx_word' id='word_1_103' title='bbox 689 1978 801 2027; x_wconf 79' lang='lat' dir='ltr'>terrena</span> <span class='ocrx_word' id='word_1_104' title='bbox 824 1963 941 2027; x_wconf 74' lang='lat' dir='ltr'>sentiret</span> 
     </span>
     <span class='ocr_line' id='line_1_18' title="bbox 235 2064 563 2156; baseline 0.006 -25"><span class='ocrx_word' id='word_1_105' title='bbox 235 2068 320 2156; x_wconf 79' lang='lat' dir='ltr'>plena</span> <span class='ocrx_word' id='word_1_106' title='bbox 336 2065 400 2134; x_wconf 87' lang='lat' dir='ltr'><strong>fore</strong></span> <span class='ocrx_word' id='word_1_107' title='bbox 420 2064 563 2136; x_wconf 76' lang='lat' dir='ltr'><strong>vanitatis.</strong></span> 
     </span>
    </p>
   </div>
   <div class='ocr_carea' id='block_1_4' title="bbox 0 0 1008 3644">
    <p class='ocr_par' dir='ltr' id='par_1_5' title="bbox 0 0 1008 3644">
     <span class='ocr_line' id='line_1_19' title="bbox 0 0 1008 3644; baseline 0 0"><span class='ocrx_word' id='word_1_108' title='bbox 0 0 1008 3644; x_wconf 95' lang='lat' dir='ltr'><strong> </strong></span> 
     </span>
    </p>
   </div>
  </div>
 </body>
</html>
