1978 3644
44 266 46 299 l

44 326 46 361 i
170 280 402 370 Liar-:aL
435 281 559 372 Cir.
583 305 651 369 xx.
716 310 763 398 55

76 427 121 494 Dei
139 424 245 494 exstitit
264 455 277 509 3
299 454 353 497 nec
372 457 409 498 eo
427 436 523 497 minus
538 433 639 496 soliciti
657 432 689 497 δι
711 430 770 494 ltu·¹

74 535 140 597 miles
156 538 188 598 in
209 537 239 600 se
261 539 395 617 fuerunt,
412 543 479 625 quia
495 540 606 625 magnis
621 538 770 603 virtutibus

73 643 201 727 &gratia
223 648 414 708 emicuemnt.
433 646 592 710 Pravorum
614 659 709 707 autem
727 643 773 705 se·

72 750 160 811 coritas
173 768 215 812 ex
230 746 365 836 superbia
379 755 411 817 &
426 752 645 837 praesumptione
663 753 773 825 oritur,

71 855 94 915 dt
108 857 135 914 in
149 854 216 918 fine
229 859 267 917 in
281 859 482 941 deceptionem
496 858 538 917 sui
551 861 678 918 vertitur.
689 855 773 917 Nune

70 977 146 1041 quam
158 963 327 1043 promittas
339 962 392 1022 tibi
407 961 581 1024 securitatem
592 958 623 1021 in
633 961 688 1020 laic
698 959 776 1035 vite,

71 1067 196 1146 piamvis
219 1068 319 1130 bonus
341 1068 463 1129 videaris
485 1066 630 1130 coenobita
651 1082 700 1127 aut
724 1064 776 1127 de-

70 1187 142 1231 votus
162 1174 304 1234 eremita·

105 1296 131 1350 4.
150 1275 242 1360 Saepe
265 1272 400 1339 meliores
421 1276 451 1338 in
472 1274 659 1339 aestimatione
678 1270 774 1337 homi-

74 1397 133 1441 num
151 1385 276 1467 gravius
299 1385 450 1466 periclitati
469 1382 531 1444 sunt
554 1400 671 1467 propter
693 1381 774 1443 suam

76 1485 186 1549 nimiam
209 1485 430 1553 confidentiam.
455 1489 542 1551 Unde
565 1489 660 1550 multis
679 1488 775 1549 utilius

77 1585 112 1650 eli
129 1608 159 1653 ut
181 1616 259 1656 non.
272 1597 384 1677 penitius
407 1595 611 1655 tentationibus
637 1608 776 1666 careant,

79 1691 124 1755 sed
139 1695 239 1783 sapius
258 1701 462 1784 impugnentur
476 1717 486 1774 3
500 1719 537 1759 ne
555 1699 678 1758 nimium
699 1695 779 1757 secu*

79 1798 101 1859 ri
117 1799 167 1864 siut
181 1850 192 1880 ‚
208 1822 251 1865 'ne
274 1802 351 1866 forte
373 1807 403 1865 in
423 1799 583 1888 superbiam
607 1802 777 1879 eleventur,

79 1920 115 1963 ne
128 1910 217 1970 etiam
234 1909 270 1971 ad
289 1910 443 1971 exteriores
460 1906 670 1970 consolationes
685 1907 777 1966 licen-

81 2008 129 2070 tius
147 2012 298 2076 declinent.
320 2012 352 2077 0
369 2015 383 2089 l
405 2011 455 2096 qui
473 2026 620 2095 nunquam
640 2006 778 2072 transito·
810 2011 821 2032 Χ

82 2113 145 2176 tiam
159 2117 290 2180 laetitiam
308 2135 464 2201 (praeferet,
482 2118 532 2201 qui
548 2132 694 2200 nunquam
709 2134 775 2176 cum

84 2223 181 2284 mundo
204 2222 232 2284 se
255 2242 432 2306 occuparet,
454 2238 542 2306 quam
567 2221 679 2285 bonam
704 2242 777 2282 con-

85 2319 220 2390 scientiam
245 2323 370 2392 servaret
388 2329 397 2389 l
414 2326 447 2390 Θ
468 2328 546 2410 iqui
575 2344 695 2388 omnem
719 2346 777 2386 va-

83 2446 142 2493 nam
159 2432 370 2497 solicitudinem
391 2448 569 2516 amputaret,
590 2433 622 2497 &
643 2431 777 2493 duntaxat

83 2532 201 2601 salutaria
234 2563 269 2601 ac
300 2540 398 2600 divina
431 2541 596 2624 cogitaret,
622 2540 655 2602 ὃ(
683 2556 777 2599 totam

84 2637 151 2722 spem
168 2648 200 2706 in
220 2644 291 2707 Deo
311 2642 513 2720 constitueret,
532 2666 619 2727 quam
639 2662 777 2727 magnam

83 2766 177 2827 pacem
199 2752 234 2813 dc
256 2751 381 2831 quietem
400 2748 570 2832 po'liideretl

119 2870 143 2938 ς.
164 2854 267 2921 Nemo
287 2852 386 2935 dignus
409 2853 448 2917 est
470 2853 576 2918 coelesti
601 2848 777 2912 consolatio-

578 2955 606 3018 C
626 2957 658 3018 iv
