1928 3636
165 296 624 388 *LratttlllCanxL
687 326 762 417 225

66 443 105 508 de
126 444 207 507 dono
233 469 318 510 novae
339 448 540 509 consolationis
565 447 710 513 exsultate.

56 564 82 579 ⁹
107 573 139 627 4.
160 551 276 615 Gratas
293 554 368 626 tibi,
389 553 465 614 unde
484 569 578 616 totum
597 559 676 619 uenit
695 578 771 640 quo·

65 655 241 739 riescutnque
260 656 332 718 milti
351 657 425 718 bene
442 657 571 720 succedit
592 659 655 742 Ego
673 677 769 724 autem

66 766 183 825 vanitas
201 765 234 826 ὅ(
248 762 367 823 nihilum
385 779 451 824 ante
466 779 514 836 te,
529 763 692 828 inconstans
713 766 770 829 ho-

66 890 117 932 rno
145 872 178 934 δι
200 866 338 930 infirmus.
363 868 450 930 Unde
472 888 540 951 ergo
565 869 679 951 polium
703 868 778 954 glo·'

30 972 34 982 “
66 975 161 1048 dari,
184 991 232 1035 aut
252 994 303 1034 cur
321 980 426 1056 appeto
448 974 571 1055 reputati
590 972 603 1033 ἓ
623 973 782 1059 Numquid

65 1080 102 1142 de
130 1078 253 1141 nihilo?
276 1080 309 1142 dt
331 1079 388 1139 lroc
409 1076 592 1141 vaniffimum
617 1076 666 1141 est
689 1079 782 1151 Vere¹

65 1186 160 1247 inanis
183 1183 301 1268 gloria,
321 1183 399 1244 malt
418 1182 522 1266 pestis,
542 1185 653 1247 vanitas
675 1186 770 1246 maxi-

66 1313 113 1355 ma
136 1313 148 1365 3
167 1292 235 1372 quia
258 1289 371 1352 atera.
385 1288 471 1351 trahit
492 1288 591 1373 glorii'
607 1292 640 1354 &
661 1289 769 1353 calesti

66 1397 171 1481 spoliat
189 1396 298 1479 gratia:
317 1395 387 1456 dum
402 1396 480 1457 enirn
496 1395 588 1457 horno
607 1398 771 1479 complacet

67 1500 143 1576 sabi,
167 1499 295 1582 displicet
319 1500 371 1561 tibi
396 1523 407 1575 3
431 1500 501 1562 dum
527 1501 617 1561 inhiat
640 1501 770 1563 laudibus

67 1607 225 1681 humanis,
245 1607 372 1689 privatur
388 1605 464 1667 veris
484 1603 641 1666 virtutibus.
755 1620 758 1625 ·

109 1733 140 1796 ς.
159 1710 210 1773 Est
232 1729 328 1772 autem
350 1729 420 1771 vera
447 1708 539 1793 gloria
564 1713 597 1775 &
623 1706 770 1774 exsultatio

67 1817 162 1889 sancia
185 1816 299 1899 gloriari
320 1817 350 1875 in
370 1831 422 1889 te,
442 1817 475 1879 δι
493 1835 553 1876 non
572 1812 648 1876 inse
669 1837 680 1890 3
699 1836 771 1900 gau-

66 1922 137 1984 dere
155 1924 187 1981 in
207 1922 325 1982 nomine
343 1936 418 1994 tuo,
440 1941 501 1981 non
520 1922 550 1979 in
571 1920 689 2001 proprii
709 1922 772 1982 vin-

54 2019 126 2089 ¹tute
144 2050 155 2102 3
170 2034 225 2087 nec
241 2029 271 2086 in
292 2025 386 2107 aliqui
404 2024 530 2085 creaturi
549 2022 702 2097 delellari,
716 2023 770 2087 nisi

67 2150 189 2217 propter
210 2149 248 2193 te.
279 2129 420 2191 Laudetut
450 2150 559 2191 nornen
584 2146 686 2204 tuum,
708 2149 770 2191 nott

67 2258 169 2299 meum
195 2258 205 2311 3
238 2232 434 2318 magnificetur
463 2256 535 2315 opus
565 2250 673 2308 tuum,
707 2254 769 2295 non

68 2362 191 2415 meum3
208 2340 390 2401 benedicatur
404 2357 512 2399 nomen
531 2336 656 2398 sancium
666 2353 768 2408 tuutn,

66 2448 140 2509 nihil
167 2445 238 2507 mihi
261 2464 356 2507 autent
382 2442 547 2505 attribuatur
578 2441 615 2503 de
642 2441 778 2504 laudibus'

66 2551 231 2613 hominum.
259 2549 307 2611 Tu
335 2548 426 2633 gloria
451 2568 543 2622 mea,
566 2564 597 2609 tu
624 2545 768 2613 exsultatio

67 2657 167 2720 cordis
192 2657 271 2729 mei,
295 2656 325 2717 in
352 2672 381 2716 te
402 2652 547 2739 gloriabor
569 2655 602 2717 &
625 2652 767 2717 exsultabo

68 2762 134 2823 tota
154 2759 201 2821 die
219 2782 229 2835 3
248 2781 302 2842 pro
318 2780 367 2821 me
387 2775 483 2826 autent
500 2759 591 2831 nihil,
608 2760 660 2838 nist
675 2758 705 2817 r'rr
726 2757 769 2816 ia·

65 2866 246 2948 firmitatibus
264 2866 328 2927 mels
347 2864 405 2948 (ll.
424 2862 493 2927 Cor.
514 2861 574 2946 xij,
593 2861 643 2943 5).

584 2965 615 3027 K
631 2988 653 3029 v
687 2970 691 2979 ’
