1978 3644
210 234 266 330 64
329 220 543 310 Delnrr.
565 226 794 312 Crimen.

253 396 278 460 ς.
301 376 401 457 Quare
427 378 472 439 vis
497 375 703 457 procrastinare
728 376 936 460 propositum

207 499 288 544 tuum
310 481 321 542 i
343 481 458 565 Surge,
477 484 509 551 &
536 484 567 542 in
595 481 708 542 instanti
730 483 868 564 incipe,
899 484 936 546 &

186 587 254 646 'dic
277 608 285 646 ι
307 610 326 645 e
345 586 430 647 Nunc
456 604 568 669 tempus
594 585 634 647 est
655 587 779 648 faciendi
803 631 816 662 ‚
842 609 934 667 ¹nunc

207 717 227 750 n
248 708 361 775 tempus
381 690 421 751 est
435 678 602 774 pugnandi,
620 713 696 752 nunc
717 709 824 774 aptum
844 709 933 754 tem-

207 822 227 855 n
248 819 299 880 pus
320 796 360 857 est
378 797 549 860 emendandi
568 822 596 858 n.
613 796 743 878 Quando
763 797 853 858 maie
874 798 934 857 ha»

204 903 258 964 *ben
276 906 309 965 ὅ(
328 902 493 977 tribularis,
512 919 579 963 tunc
600 919 713 986 tempus
732 901 772 963 est
795 923 929 965 meren·

209 1009 246 1070 di.
265 1008 393 1091 Oportet
412 1027 438 1068 tr
457 1013 563 1087 tranfire
576 1031 626 1088 per
643 1011 727 1089 ignem
738 1008 775 1087 „fr
794 1031 929 1089 aquam,

208 1132 274 1178 ante
295 1133 381 1194 quam
400 1113 499 1172 venias
519 1114 557 1170 ad
579 1109 738 1192 refrigerium
755 1110 828 1193 (Ps.
849 1115 926 1183 lxv,

211 1214 350 1298 rr).Nis1
369 1215 421 1275 tibi
442 1217 505 1276 vim
523 1215 645 1289 feceris,
664 1216 767 1276 vitium
785 1235 859 1277 non
881 1216 928 1276 su-

208 1320 329 1404 perabis.
345 1319 446 1400 Quam
463 1319 512 1380 diu
531 1319 602 1380 istud
619 1319 717 1402 fragile
739 1341 852 1402 corpus
870 1340 925 1406 ge-

207 1427 313 1499 rimus,
326 1423 385 1485 fine
404 1442 525 1508 peccato
542 1416 596 1485 effe
614 1446 675 1485 non
694 1423 849 1507 poffumus
861 1447 922 1486 nec

208 1528 268 1591 fine
289 1530 376 1593 taedio
397 1532 430 1594 &
449 1531 550 1592 dolore
570 1532 679 1594 vivere.
697 1530 838 1592 Libenter
861 1531 919 1592 ha-

206 1636 339 1698 beremus
352 1637 389 1698 ab
400 1634 483 1697 omni
492 1634 602 1698 miserii
617 1637 741 1718 quierem
751 1658 761 1711 ·,
771 1635 840 1712 sed,
852 1638 918 1720 quia

207 1762 260 1824 per
274 1758 424 1825 peccatum
442 1740 586 1802 amisimus
599 1743 820 1818 innocentiam,
838 1743 917 1803 ami·
949 1723 953 1731 ’

207 1844 294 1907 fimus
304 1847 391 1907 etiam
400 1865 502 1924 veram
512 1845 726 1908 beatitudinem.
736 1847 810 1908 ldeo
822 1869 915 1930 opor·

161 1964 163 1968 “
207 1953 248 2013 tet
265 1973 318 2014 nos
334 1968 431 2015 tenere
448 1951 615 2033 patientiam
631 1953 664 2015 δι
675 1948 736 2013 Dei
751 1953 915 2038 exspeiiare

209 2056 433 2120 misericordiam
443 2098 453 2132 ,
463 2061 545 2118 donee
565 2058 683 2138 transeat
698 2059 830 2139 iniquitas
846 2057 912 2140 (Ps.

208 2161 249 2244 ἰή
259 2207 272 2234 ,
289 2163 330 2244 2)
347 2163 410 2223 haec
426 2162 458 2223 &
474 2162 645 2244 absorbeatur
663 2166 734 2244 qued
749 2164 862 2224 mortale
879 2166 912 2246 est

208 2268 315 2331 rivitci.
336 2267 394 2350 (ΙΙ.
416 2265 487 2331 Cor.
508 2293 550 2342 ν,
569 2269 621 2350 4.)

248 2373 278 2434 6.
300 2371 331 2434 O
352 2374 361 2433 Ξ
382 2391 487 2455 quanta
512 2372 647 2458 fragilitas
673 2374 824 2449 humana,
846 2395 908 2459 quae

208 2476 319 2558 semper
338 2500 430 2558 prona
452 2477 492 2539 est
512 2480 550 2539 ad
576 2478 646 2539 vitia
664 2481 671 2540 Ι
692 2482 790 2543 Hodie
814 2479 905 2544 confi·

114 2562 120 2575 ’
209 2582 275 2642 teris
297 2599 414 2662 peccata
433 2599 509 2656 tua,
534 2585 567 2645 &
588 2605 650 2644 cras
674 2587 778 2647 iterum
802 2608 905 2671 perpe·

209 2705 265 2748 tras
291 2685 441 2748 confeffa:
464 2699 539 2748 nunc
566 2691 705 2771 proponis
727 2714 852 2767 cavere,
871 2692 902 2754 &

209 2791 274 2876 post
297 2793 401 2858 horam
427 2793 487 2875 agis
511 2791 591 2874 quafi
618 2794 688 2856 nihil
711 2794 899 2880 proposuiffes.
