1946 3634
225 265 305 374 258
365 284 434 341 nu
449 251 585 347 Imm
604 260 823 344 enasset.

219 428 290 495 gnus
308 408 513 472 consolatione.
530 407 588 473 Sed
604 425 635 471 tu
644 419 658 484 ,'
677 410 854 474 clemens&
866 408 919 475 mi·

219 515 336 577 sericors
361 515 466 589 Deus,
486 516 536 598 qui
561 536 620 576 non
648 515 692 580 vis
715 517 811 598 perire
836 536 918 598 opera
962 514 963 601 l

218 636 288 703 tua,
305 620 343 682 ad
361 618 568 682 ostendendum
585 621 698 685 divitias
714 620 851 682 bonitatis
866 638 919 683 tue
962 604 963 607 Ἴ

219 727 251 786 in
272 724 341 807 vasa
360 723 581 801 misericordia,
603 728 691 787 etiam
712 740 816 808 praeter
836 746 918 789 omno
963 728 964 771 l

221 832 371 914 propsium
389 812 544 905 meritum,
563 831 687 914 dignaris
707 829 849 892 consolari
865 830 918 891 ser·

157 972 159 977 .
221 954 293 1005 vum
313 953 393 997 tuum
415 934 496 1018 supra
518 935 675 999 humanum
695 935 828 999 modum.
850 934 916 999 Tua

172 1022 195 1098 Α.
222 1043 300 1101 enim
318 1040 526 1103 consolationes
546 1062 607 1104 non
625 1039 686 1103 sunt
704 1039 774 1105 licut
791 1040 915 1101 humana

223 1143 443 1208 consolationes.
914 1202 917 1209 .
965 1222 966 1225 Ἴ

262 1270 290 1310 2.
312 1248 396 1330 Quid
419 1251 488 1333 egi,
510 1250 643 1312 Domine
664 1293 674 1325 ,
693 1266 725 1311 ut
752 1248 825 1311 mihi
849 1268 916 1310 con·

221 1355 308 1417 ferres
339 1356 465 1439 aliquam
492 1355 638 1418 coelestem
668 1353 917 1418 consolationem?
966 1376 967 1379 ¹

221 1462 285 1546 Ego
303 1461 374 1522 nihil
388 1460 459 1522 boni
474 1481 522 1523 me
542 1460 627 1545 egiffe
646 1461 768 1535 recolo,
783 1459 833 1523 sed
851 1461 919 1521 sem·

221 1588 273 1651 per
292 1567 329 1628 ad
349 1568 419 1630 vitia
438 1588 564 1649 pronum
583 1569 616 1631 δι
635 1567 672 1631 ad
692 1567 917 1629 emendationem

222 1676 334 1757 pigrum
358 1671 436 1734 fuisse
457 1695 465 1733 ι
486 1693 587 1736 verum
615 1670 655 1732 est
678 1675 710 1735 &
733 1693 840 1756 negare
864 1693 918 1733 non

30 1845 32 1849 ,
221 1772 336 1861 polium
351 1776 399 1851 ;s1
420 1770 501 1837 aliter
517 1775 661 1851 dicerem,
676 1793 708 1837 tu
723 1772 811 1839 stares
828 1793 918 1838 contra
968 1808 969 1835 i

120 1954 122 1959 ι
222 1878 338 1956 me,&
353 1902 413 1940 non
433 1878 500 1942 effes
517 1883 567 1964 qui
583 1902 632 1945 me
650 1880 825 1943 defenderet.
844 1879 918 1962 Quid

221 1988 313 2051 merui
333 2009 386 2070 pro
406 1987 532 2069 peccatis
552 1989 645 2062 meis,
660 1985 713 2046 nisi
732 1986 918 2049 infernum&

222 2093 321 2176 Quem
335 2110 473 2167 aeternucn
487 2091 499 2151 i
513 2092 548 2154 ln
561 2093 681 2155 veritate
698 2091 841 2154 confiteor
852 2112 920 2175 qno·

222 2197 301 2256 niam
329 2196 429 2279 dignus
452 2194 512 2257 sum
537 2198 619 2259 omni
645 2197 768 2260 ludibrio
796 2201 830 2261 &
854 2218 920 2261 cona

222 2316 333 2385 camptu
345 2320 432 2377 ,nec
450 2300 533 2379 decet
553 2322 602 2363 me
622 2303 781 2377 intentans
803 2303 920 2365 devotos

203 2388 456 2475 'commemorari
477 2409 515 2472 Et
532 2409 600 2471 licet
618 2409 674 2472 hoc
693 2410 769 2493 aegre
791 2410 900 2470 audiam
909 2429 920 2482 ;

220 2528 320 2575 tamen
340 2514 494 2576 adversum
518 2535 565 2575 me
588 2536 642 2597 pro
664 2516 785 2578 veritate
806 2531 920 2597 peccata

222 2636 289 2678 mea
299 2637 417 2700 arguam
427 2662 438 2692 ,
450 2635 480 2679 ut
491 2617 601 2690 facilius
611 2610 836 2685 misericordiam
847 2636 920 2679 tuam

223 2743 335 2786 merear
348 2723 510 2807 impetrare.

267 2847 294 2911 3.
316 2826 398 2912 Quid
423 2829 541 2907 dicam,
563 2843 627 2895 reus
652 2833 686 2899 ὅ(
712 2832 795 2899 omni
820 2827 920 2897 consu,-
