1978 3644
33 108 35 159 i

33 170 34 215 i

32 258 34 293 i
152 247 379 335 LIBERI.
412 248 533 333 CAP.
556 249 653 357 xxij.
714 257 768 361 63

77 397 131 480 ιγ.)
147 397 208 459 Sed
228 421 281 460 vae
298 418 361 459 non
377 396 609 484 cognoscentibus
621 397 699 461 sumn
718 403 776 461 mi·

74 504 165 566 seriam
185 505 197 565 l
218 508 256 568 &
281 504 407 588 ampliirs
429 526 477 566 vae
506 505 559 566 iilis
583 508 631 588 qui
655 507 778 591 diligunt

73 609 138 670 hanc
162 608 310 671 miseram
342 611 375 673 &
405 610 618 694 corruptibilem
648 613 739 673 vitam
767 614 778 674 ἴ

73 713 141 774 Nam
166 716 200 775 in
229 732 345 775 tantum
363 715 480 797 quidam
506 716 581 778 hanc
600 715 777 798 ampleemn·

73 835 136 895 mr,
159 821 236 882 lieet
262 822 349 881 etiam
371 823 422 881 vix
444 818 595 881 necessaria
616 818 777 883 laborando

74 940 112 984 rut
127 924 341 985 mendicando
352 913 497 998 habeam,
510 939 559 998 ut,
573 912 596 983 fi
608 922 720 1005 possent
731 925 778 984 hic

73 1027 184 1113 semper
209 1031 336 1100 vivere,
359 1029 396 1090 de
415 1049 503 1112 regno
522 1028 582 1091 Dei
596 1028 678 1089 mihil
697 1050 779 1091 cura-

75 1151 137 1196 rem.

109 1261 137 1314 4.
157 1238 192 1301 Ο
218 1238 228 1299 i
255 1238 347 1300 insani
371 1241 404 1303 &
430 1238 558 1302 infideles
589 1239 705 1317 corde,
730 1246 778 1324 qui

77 1362 130 1406 tam
155 1345 307 1428 profimde
332 1346 362 1404 in
387 1348 504 1407 terrenis
528 1343 623 1426 jacent
650 1365 683 1408 ut
708 1348 778 1407 nihil

79 1449 125 1510 nisi
145 1452 278 1512 carnalia
294 1449 406 1533 sapiant
422 1452 431 1512 Ξ
446 1449 503 1513 Sed
520 1452 613 1513 miseri
635 1451 729 1513 adhuc
748 1454 779 1511 in

81 1551 131 1615 fine
157 1556 288 1639 graviter
316 1555 434 1618 sentient
453 1574 541 1641 quam
561 1558 620 1618 vile
645 1559 678 1619 &
700 1556 779 1616 nihi·

84 1657 136 1719 lum
161 1678 221 1722 erat
252 1661 335 1742 quod*
358 1677 535 1721 amaverunt.
560 1659 657 1721 Sansti
687 1676 781 1720 autem

85 1761 139 1824 Dei
153 1768 185 1828 ὃ(
199 1786 311 1827 omnes
323 1765 422 1829 devoti
440 1766 525 1826 amici
543 1753 703 1840 cirmsn,
721 1786 781 1827 non

87 1870 259 1933 attenderunt
279 1894 345 1956 quae
363 1874 442 1933 cami
461 1872 628 1953 placuerunt
645 1892 700 1932 nec
718 1892 781 1953 quae

88 1973 189 2037 inhoc
212 1993 344 2060 tempore
366 1976 521 2036 floruerunt
539 1998 549 2051 ;
569 1973 618 2035 sed
637 1964 699 2034 rota
721 1973 785 2057 spes

90 2101 180 2145 eorum
204 2086 238 2147 δι
259 2086 379 2146 intentio
402 2080 440 2145 ad
462 2101 566 2145 aetema
587 2084 666 2145 bona
693 2082 784 2143 anhe-

90 2185 166 2251 labat.
186 2190 347 2252 Ferebatur
364 2207 458 2251 totum
485 2189 654 2275 desiderium
682 2209 784 2250 eorum

94 2288 184 2354 sursum
204 2295 246 2356 ad
261 2295 440 2358 mansure&
455 2293 605 2355 invisibilia
616 2339 628 2366 ,
639 2312 677 2352 ne
698 2315 784 2353 amo-

94 2417 122 2457 re
137 2399 291 2463 visibilium
312 2398 487 2465 tmherenmr
507 2398 549 2459 a'd.
566 2396 674 2459 infima.
696 2397 785 2473 Noli,

92 2499 203 2581 Frater,
222 2510 360 2570 amittere
385 2503 591 2568 confidentiam·
615 2500 789 2586 proficiendi.

93 2609 128 2670 ad
142 2611 294 2696 spiritualia
308 2635 318 2690 ;
336 2612 427 2676 adhuc
444 2613 532 2676 habes
549 2631 661 2693 tempus
678 2612 711 2674 &
729 2609 789 2669 ho-

93 2732 163 2779 ram.
