1946 3634
154 241 618 353 L1BrnilI.Crr.xxij.
684 251 757 329 18¹

76 386 187 451 minimo
204 390 310 473 pundo
328 410 377 451 me
392 387 471 472 poffe
489 389 595 451 debitas
611 392 765 474 gratiarum

75 492 162 555 laudes
181 494 354 578 persolvere.
374 494 475 555 Minor
491 514 545 577 ego
561 492 620 555 snm
633 498 765 558 omnibus

75 597 150 659 bonis
168 601 240 661 mihi
259 597 389 680 praestitis
405 618 415 673 ;
433 600 465 661 dt
483 619 572 680 quum
583 616 661 660 ruam
680 601 768 661 nobi·

73 702 175 765 litatem
198 704 341 779 attendo,
363 701 459 765 deficit
484 725 544 787 prae
570 706 766 789 magnitudine

73 806 176 889 spiritus
196 830 288 870 meus.

64 911 67 919 ’
112 934 142 974 2.
162 912 275 975 Omnia
302 935 365 994 quae
391 916 422 973 in
448 906 546 974 animi
570 914 708 977 habemus
736 919 768 980 ὃ(

72 1038 213 1099 torpore,
233 1038 416 1100 quaecumque
435 1019 556 1079 exteriirs
573 1020 621 1080 vel
640 1021 771 1096 inreriirs,

73 1123 232 1184 naturaliter
270 1123 318 1193 vei
362 1111 605 1204 supernaturaliter
642 1121 772 1207 poffide·

76 1247 153 1298 mus,
169 1244 219 1294 tua
234 1224 295 1286 sunt
312 1225 474 1301 beneficia,
491 1231 523 1291 &
540 1227 769 1305 re·beneficum‚‘

28 1386 29 1393 ,
78 1333 182 1412 pium,
205 1353 240 1392 ac
263 1331 372 1393 bonurn
396 1333 634 1409 commendant,
665 1334 768 1418 inquo

78 1437 149 1499 bona
166 1436 264 1499 cundia
284 1439 454 1520 accepimus.
476 1438 513 1502 Et
533 1437 556 1499 fi
576 1441 645 1503 alius
665 1441 769 1522 plura,

80 1542 141 1603 alius
161 1545 297 1626 pauciora
317 1545 428 1624 accepit
452 1565 462 1618 3
483 1545 582 1604 omnia
602 1559 700 1603 tamen
720 1561 770 1604 nra

80 1644 156 1719 sunt,
175 1650 207 1710 &
228 1646 287 1708 srne
309 1663 339 1708 re
357 1668 411 1708 nec
431 1632 584 1708 minimum
604 1646 697 1729 potest
714 1647 771 1708 ha·
850 1670 852 1676 ·

28 1758 29 1761 ’
81 1751 156 1815 beri·
169 1752 219 1815 Ille
245 1755 296 1834 qui
322 1749 435 1831 majora
459 1753 569 1834 accepit
594 1773 654 1813 non
678 1751 771 1835 potest

81 1858 175 1918 merito
192 1856 241 1919 suo
261 1857 397 1939 gloriari,
415 1878 508 1940 neque
525 1855 606 1938 super
628 1857 699 1918 alios
719 1879 772 1918 en-

82 1960 157 2035 rniii,
173 1982 226 2022 nec
247 1961 355 2021 minori
374 1959 503 2020 insultare
521 1981 531 2034 ;
548 1964 614 2040 quia
638 1960 686 2020 ilie
707 1981 772 2022 rna·

82 2061 124 2143 ior
139 2069 169 2130 ὃ(
188 2067 312 2140 melior,
335 2067 382 2147 qui
403 2063 455 2124 fibi
476 2066 567 2125 minus
589 2065 720 2127 adscribit
736 2069 770 2132 8(

83 2169 111 2228 in
134 2171 308 2256 regradando
336 2170 469 2232 humilior
496 2169 537 2230 est
564 2188 647 2252 arque
674 2172 770 2234 devo·

84 2274 159 2336 tior:
179 2280 211 2340 ὃ(
234 2278 284 2358 qui
309 2274 442 2335 omnibus
462 2275 596 2333 viliorem
621 2274 647 2332 se
675 2274 770 2333 existi-

85 2382 185 2443 mat&
207 2381 402 2464 indigniorem
426 2377 453 2437 se
472 2376 603 2457 judicat,
622 2378 715 2459 aptior
731 2377 771 2441 est

86 2484 119 2544 ad
132 2486 312 2570 percipienda
328 2481 448 2563 majora.

28 2618 30 2625 i
123 2611 148 2672 3.
167 2591 229 2672 Qui
252 2608 346 2655 autern
374 2590 507 2671 pauciora
534 2591 671 2673 accepit,
695 2612 770 2652 con·

87 2692 177 2756 tristari
196 2716 255 2756 non
277 2695 380 2768 debet,
399 2714 452 2755 nec
474 2695 652 2777 indignanter
673 2694 771 2765 fe'rre,

88 2817 172 2881 neque
197 2800 292 2862 ditiori
314 2798 441 2864 invidere
461 2820 471 2875 3
493 2797 541 2860 sed
559 2814 587 2858 te
608 2796 702 2878 potiirs
726 2811 771 2863 atq
