1978 3644
133 287 155 332 ι
214 262 270 364 78
330 250 840 340 orlnrrr.Crrrrrrr1.'

127 447 133 453 ·
213 408 357 492 pliorem,
378 405 427 466 ubi
447 406 538 489 magis
559 403 714 489 seipsum
733 406 835 468 vincit
857 407 892 471 &
912 406 942 467 in
986 404 988 461 l

214 509 310 593 spiritu
326 509 491 574 mortificat.
985 548 986 553 1

255 636 285 692 4.
305 616 364 677 Sed
392 638 453 678 non
477 636 577 679 omnes
601 616 724 680 habent
741 616 840 700 aeqtnl
863 616 942 678 mul·
984 633 988 691 ῑ

212 721 327 782 turned
341 723 514 783 vincendum
527 727 559 785 ὃ(
576 723 791 785 moriendum.
803 723 942 807 Diligens
982 742 988 773 τι

212 842 312 888 tamen
327 828 488 888 'remuhtor
512 828 659 889 valentior
687 831 749 889 erit
776 829 821 888 ad
848 825 941 910 prosi-
982 845 988 880 l

210 932 371 1007 ciendum,
391 932 501 994 etiamst
518 933 611 1015 plures
630 932 749 994 habeat
771 931 941 1015 pastiones,
980 952 988 987 n

213 1055 303 1116 quarn
325 1037 394 1097 alius
416 1037 490 1099 bene
513 1040 740 1120 morigeratus,
767 1039 872 1098 minias
895 1052 940 1096 ta·
979 1036 988 1091 l.

213 1161 282 1201 rnen
307 1139 419 1201 fervens
445 1139 482 1200 ad
508 1142 635 1202 virtutes.
661 1140 742 1201 Duo
774 1140 940 1222 specialiter
980 1160 988 1197 r

209 1243 252 1303 ad
274 1264 410 1326 magnam
431 1244 664 1305 emendationem
688 1242 801 1324 juvant
824 1267 835 1319 3
855 1244 938 1306 vide-
982 1244 988 1302 l

211 1348 279 1409 licet
295 1347 454 1408 subtrahere
472 1346 500 1408 se
514 1348 656 1410 violenter
675 1349 717 1409 ab
736 1369 777 1410 eo
798 1349 840 1410 ad
858 1347 937 1431 qnod
985 1371 988 1405 t

212 1469 313 1512 natura
330 1453 435 1515 vitiosd
456 1453 628 1527 inclinatur,
647 1454 681 1515 ὃ(
703 1453 862 1515 ferventer
879 1450 935 1512 ins·
986 1456 988 1509 Ι

212 1573 274 1617 tare
294 1578 348 1639 pro
371 1576 407 1618 eo
427 1557 509 1619 bono
532 1576 591 1639 quo
613 1558 744 1640 amplilts
768 1561 836 1642 quis
855 1557 933 1618 indi-
987 1558 988 1611 i

213 1676 271 1744 get.
299 1661 352 1723 Illa
384 1664 471 1723 etiam
496 1660 605 1723 studeas
633 1664 730 1745 magis
759 1684 870 1725 cavere
899 1662 932 1722 ὃ(
986 1682 988 1729 l

212 1768 330 1827 vincere
358 1787 421 1847 quae
447 1766 498 1828 tihi
526 1752 700 1847 fieqtentios.
721 1770 756 1828 in
782 1768 849 1829 aliis
874 1762 930 1827 dis-

211 1867 329 1949 plicent.

259 1991 286 2055 5.
306 1971 425 2055 Ubique
441 1971 603 2054 prolestunt
621 1991 704 2036 ntum
727 1978 858 2058 capias;
880 1989 929 2044 ut,

212 2076 237 2138 st
262 2077 341 2138 bona
368 2081 499 2159 exempla
527 2079 626 2142 videas
654 2081 705 2146 vel
737 2081 863 2152 audias,
890 2075 925 2137 ad

214 2178 388 2241 imitandum
409 2182 599 2243 accendaris:
617 2182 639 2243 s1
660 2187 733 2266 quid
758 2202 859 2247 antem
879 2201 926 2241 re·

213 2282 403 2366 prehenfibile
425 2281 668 2361 consideraveris,
690 2311 765 2352 cave
785 2309 823 2349 ne
845 2285 921 2346 idem

214 2390 302 2452 facias
324 2412 335 2464 3
359 2408 433 2467 aut,
458 2390 481 2453 si
510 2393 663 2476 aliquando
690 2392 816 2467 fecisti,
842 2389 920 2451 citiln
987 2388 988 2409 ¹

215 2496 370 2556 emendare
385 2515 413 2557 te
430 2496 548 2560 studeas.
561 2498 639 2560 Sicut
654 2499 753 2560 oculus
767 2516 832 2560 tuus
850 2493 919 2554 alios

215 2596 405 2672 considerat,
434 2599 473 2660 sic
503 2604 604 2663 iterum
634 2603 671 2664 ab
702 2604 764 2664 aliis
800 2598 918 2661 notaris.

216 2701 319 2783 Quam
341 2701 495 2782 iucundum
519 2709 551 2769 &
573 2708 654 2769 dulce
677 2707 717 2769 est
736 2707 839 2769 videre
860 2701 917 2761 ser·

215 2808 299 2871 vidos
322 2808 353 2873 &
373 2808 495 2873 devotos
515 2810 635 2888 fratres,
656 2812 729 2875 bene
750 2810 915 2891 morigera»
